<?xml version="1.0" encoding="UTF-8"?>
<!DOCTYPE html PUBLIC "-//W3C//DTD XHTML 1.0 Transitional//EN"
    "http://www.w3.org/TR/xhtml1/DTD/xhtml1-transitional.dtd">
<html xmlns="http://www.w3.org/1999/xhtml" xml:lang="en" lang="en">
 <head>
  <title>
</title>
<meta http-equiv="Content-Type" content="text/html;charset=utf-8" />
  <meta name='ocr-system' content='tesseract 3.04.00' />
  <meta name='ocr-capabilities' content='ocr_page ocr_carea ocr_par ocr_line ocrx_word'/>
</head>
<body>
  <div class='ocr_page' id='page_1' title='image "./pauliorosiipres00havegoog_0330.png"; bbox 0 0 2634 4434; ppageno 0'>
   <div class='ocr_carea' id='block_1_1' title="bbox 568 366 640 435">
    <p class='ocr_par' dir='ltr' id='par_1_1' title="bbox 568 366 640 435">
     <span class='ocr_line' id='line_1_1' title="bbox 568 366 640 435; baseline 0 -1"><span class='ocrx_word' id='word_1_1' title='bbox 568 366 640 435; x_wconf 82' lang='lat'><strong>327</strong></span> 
     </span>
    </p>
   </div>
   <div class='ocr_carea' id='block_1_2' title="bbox 503 463 709 475">
    <p class='ocr_par' dir='ltr' id='par_1_2' title="bbox 503 463 709 475">
     <span class='ocr_line' id='line_1_2' title="bbox 503 463 709 475; baseline 0.015 -5"><span class='ocrx_word' id='word_1_2' title='bbox 503 463 709 475; x_wconf 52' lang='grc' dir='ltr'>Ἢ</span> 
     </span>
    </p>
   </div>
   <div class='ocr_carea' id='block_1_3' title="bbox 31 600 1133 2887">
    <p class='ocr_par' dir='ltr' id='par_1_3' title="bbox 31 600 1133 2887">
     <span class='ocr_line' id='line_1_3' title="bbox 73 600 1131 684; baseline 0.001 -22"><span class='ocrx_word' id='word_1_3' title='bbox 73 603 146 682; x_wconf 84' lang='lat' dir='ltr'><strong>geri</strong></span> <span class='ocrx_word' id='word_1_4' title='bbox 169 600 248 662; x_wconf 85' lang='lat' dir='ltr'><strong>bella</strong></span> <span class='ocrx_word' id='word_1_5' title='bbox 270 601 420 682; x_wconf 77' lang='lat' dir='ltr'><strong>gentium,</strong></span> <span class='ocrx_word' id='word_1_6' title='bbox 444 609 476 662; x_wconf 89' lang='lat' dir='ltr'><strong>et</strong></span> <span class='ocrx_word' id='word_1_7' title='bbox 497 604 547 683; x_wconf 83' lang='lat' dir='ltr'><strong>agi</strong></span> <span class='ocrx_word' id='word_1_8' title='bbox 570 610 688 684; x_wconf 85' lang='lat' dir='ltr'><strong>strages</strong></span> <span class='ocrx_word' id='word_1_9' title='bbox 712 618 751 662; x_wconf 86' lang='lat' dir='ltr'><strong>ex</strong></span> <span class='ocrx_word' id='word_1_10' title='bbox 773 600 919 662; x_wconf 91' lang='lat' dir='ltr'><strong>alterutro</strong></span> <span class='ocrx_word' id='word_1_11' title='bbox 935 601 1131 665; x_wconf 88' lang='lat' dir='ltr'><strong>barbarorum</strong></span> 
     </span>
     <span class='ocr_line' id='line_1_4' title="bbox 75 701 1131 782; baseline 0.002 -20"><span class='ocrx_word' id='word_1_12' title='bbox 75 702 197 762; x_wconf 82' lang='lat' dir='ltr'><strong>crebris</strong></span> <span class='ocrx_word' id='word_1_13' title='bbox 219 703 375 781; x_wconf 89' lang='lat' dir='ltr'><strong>certisque</strong></span> <span class='ocrx_word' id='word_1_14' title='bbox 398 702 514 763; x_wconf 84' lang='lat' dir='ltr'><strong>nuntiis</strong></span> <span class='ocrx_word' id='word_1_15' title='bbox 537 703 699 779; x_wconf 83' lang='lat' dir='ltr'><strong>discimus,</strong></span> <span class='ocrx_word' id='word_1_16' title='bbox 728 703 892 782; x_wconf 84' lang='lat' dir='ltr'><strong>praecipue</strong></span> <span class='ocrx_word' id='word_1_17' title='bbox 914 701 1040 764; x_wconf 89' lang='lat' dir='ltr'><strong>Valliam</strong></span> <span class='ocrx_word' id='word_1_18' title='bbox 1064 701 1131 764; x_wconf 87' lang='lat' dir='ltr'><strong>Go-</strong></span> 
     </span>
     <span class='ocr_line' id='line_1_5' title="bbox 74 801 1131 883; baseline 0.003 -22"><span class='ocrx_word' id='word_1_19' title='bbox 74 801 199 862; x_wconf 80' lang='lat' dir='ltr'><strong>thorum</strong></span> <span class='ocrx_word' id='word_1_20' title='bbox 232 818 337 881; x_wconf 81' lang='lat' dir='ltr'><strong>regem</strong></span> <span class='ocrx_word' id='word_1_21' title='bbox 371 801 514 863; x_wconf 79' lang='lat' dir='ltr'><strong>insistere</strong></span> <span class='ocrx_word' id='word_1_22' title='bbox 547 803 712 882; x_wconf 85' lang='lat' dir='ltr'><strong>patrandae</strong></span> <span class='ocrx_word' id='word_1_23' title='bbox 741 803 809 883; x_wconf 86' lang='lat' dir='ltr'><strong>paci</strong></span> <span class='ocrx_word' id='word_1_24' title='bbox 840 801 951 864; x_wconf 85' lang='lat' dir='ltr'><strong>ierunt.</strong></span> <span class='ocrx_word' id='word_1_25' title='bbox 995 801 1042 864; x_wconf 83' lang='lat' dir='ltr'><strong>Ex</strong></span> <span class='ocrx_word' id='word_1_26' title='bbox 1071 821 1131 883; x_wconf 90' lang='lat' dir='ltr'><strong>quo</strong></span> 
     </span>
     <span class='ocr_line' id='line_1_6' title="bbox 75 903 1130 983; baseline 0.003 -22"><span class='ocrx_word' id='word_1_27' title='bbox 75 908 246 981; x_wconf 89' lang='lat' dir='ltr'><strong>utcumque</strong></span> <span class='ocrx_word' id='word_1_28' title='bbox 269 903 490 978; x_wconf 86' lang='lat' dir='ltr'><strong>concesserim,</strong></span> <span class='ocrx_word' id='word_1_29' title='bbox 517 909 550 964; x_wconf 90' lang='lat' dir='ltr'><strong>ut</strong></span> <span class='ocrx_word' id='word_1_30' title='bbox 572 903 703 965; x_wconf 79' lang='lat' dir='ltr'><strong>licenter</strong></span> <span class='ocrx_word' id='word_1_31' title='bbox 726 903 894 965; x_wconf 83' lang='lat' dir='ltr'><strong>Christiana</strong></span> <span class='ocrx_word' id='word_1_32' title='bbox 918 910 1052 983; x_wconf 85' lang='lat' dir='ltr'><strong>tempora</strong></span> <span class='ocrx_word' id='word_1_33' title='bbox 1074 921 1130 964; x_wconf 92' lang='lat' dir='ltr'><strong>re-</strong></span> 
     </span>
     <span class='ocr_line' id='line_1_7' title="bbox 31 1001 1132 1083; baseline 0.003 -22"><span class='ocrx_word' id='word_1_34' title='bbox 31 1042 38 1050; x_wconf 86' lang='lat'>·</span> <span class='ocrx_word' id='word_1_35' title='bbox 74 1001 322 1080; x_wconf 88' lang='lat' dir='ltr'><strong>prehendantur,</strong></span> <span class='ocrx_word' id='word_1_36' title='bbox 350 1002 376 1062; x_wconf 90' lang='lat' dir='ltr'><strong>si</strong></span> <span class='ocrx_word' id='word_1_37' title='bbox 405 1002 478 1081; x_wconf 94' lang='lat' dir='ltr'><strong>quid</strong></span> <span class='ocrx_word' id='word_1_38' title='bbox 502 1021 518 1063; x_wconf 93' lang='lat' dir='ltr'><strong>a</strong></span> <span class='ocrx_word' id='word_1_39' title='bbox 541 1004 718 1066; x_wconf 89' lang='lat' dir='ltr'><strong>conditione</strong></span> <span class='ocrx_word' id='word_1_40' title='bbox 741 1003 845 1065; x_wconf 94' lang='lat' dir='ltr'><strong>mundi</strong></span> <span class='ocrx_word' id='word_1_41' title='bbox 868 1021 966 1083; x_wconf 92' lang='lat' dir='ltr'><strong>usque</strong></span> <span class='ocrx_word' id='word_1_42' title='bbox 989 1004 1027 1065; x_wconf 94' lang='lat' dir='ltr'><strong>ad</strong></span> <span class='ocrx_word' id='word_1_43' title='bbox 1050 1021 1132 1064; x_wconf 90' lang='lat' dir='ltr'><strong>nunc</strong></span> 
     </span>
     <span class='ocr_line' id='line_1_8' title="bbox 75 1099 1131 1185; baseline 0.004 -23"><span class='ocrx_word' id='word_1_44' title='bbox 75 1101 170 1162; x_wconf 87' lang='lat' dir='ltr'><strong>simili</strong></span> <span class='ocrx_word' id='word_1_45' title='bbox 193 1100 305 1163; x_wconf 89' lang='lat' dir='ltr'><strong>lactum</strong></span> <span class='ocrx_word' id='word_1_46' title='bbox 328 1100 475 1163; x_wconf 80' lang='lat' dir='ltr'><strong>felicitate</strong></span> <span class='ocrx_word' id='word_1_47' title='bbox 499 1103 653 1165; x_wconf 91' lang='lat' dir='ltr'><strong>doceatur.</strong></span> <span class='ocrx_word' id='word_1_48' title='bbox 695 1103 966 1181; x_wconf 81' lang='lat' dir='ltr'><strong>Manifestavimus,</strong></span> <span class='ocrx_word' id='word_1_49' title='bbox 989 1105 1024 1165; x_wconf 89' lang='lat' dir='ltr'><strong>ut</strong></span> <span class='ocrx_word' id='word_1_50' title='bbox 1046 1099 1131 1185; x_wconf 73' lang='lat'>[587]</span> 
     </span>
     <span class='ocr_line' id='line_1_9' title="bbox 76 1201 1131 1286; baseline 0.002 -24"><span class='ocrx_word' id='word_1_51' title='bbox 76 1202 223 1277; x_wconf 89' lang='lat' dir='ltr'><strong>arbitror,</strong></span> <span class='ocrx_word' id='word_1_52' title='bbox 252 1209 344 1279; x_wconf 91' lang='lat' dir='ltr'><strong>atque</strong></span> <span class='ocrx_word' id='word_1_53' title='bbox 371 1201 576 1280; x_wconf 84' lang='lat' dir='ltr'><strong>ostendimus,</strong></span> <span class='ocrx_word' id='word_1_54' title='bbox 599 1221 660 1264; x_wconf 91' lang='lat' dir='ltr'><strong>non</strong></span> <span class='ocrx_word' id='word_1_55' title='bbox 685 1206 780 1286; x_wconf 85' lang='lat' dir='ltr'><strong>magis</strong></span> <span class='ocrx_word' id='word_1_56' title='bbox 802 1204 897 1265; x_wconf 89' lang='lat' dir='ltr'><strong>verbo</strong></span> <span class='ocrx_word' id='word_1_57' title='bbox 920 1222 1018 1284; x_wconf 90' lang='lat' dir='ltr'><strong>paene</strong></span> <span class='ocrx_word' id='word_1_58' title='bbox 1041 1222 1131 1284; x_wconf 89' lang='lat' dir='ltr'><strong>quam</strong></span> 
     </span>
     <span class='ocr_line' id='line_1_10' title="bbox 76 1300 1130 1384; baseline 0.002 -22"><span class='ocrx_word' id='word_1_59' title='bbox 76 1302 174 1382; x_wconf 85' lang='lat' dir='ltr'><strong>digito</strong></span> <span class='ocrx_word' id='word_1_60' title='bbox 196 1303 357 1362; x_wconf 89' lang='lat' dir='ltr'><strong>innumera</strong></span> <span class='ocrx_word' id='word_1_61' title='bbox 379 1300 459 1363; x_wconf 92' lang='lat' dir='ltr'><strong>bella</strong></span> <span class='ocrx_word' id='word_1_62' title='bbox 482 1304 589 1381; x_wconf 90' lang='lat' dir='ltr'><strong>sopita,</strong></span> <span class='ocrx_word' id='word_1_63' title='bbox 613 1305 760 1383; x_wconf 90' lang='lat' dir='ltr'><strong>plurimos</strong></span> <span class='ocrx_word' id='word_1_64' title='bbox 783 1306 951 1366; x_wconf 86' lang='lat' dir='ltr'><strong>exstinctos</strong></span> <span class='ocrx_word' id='word_1_65' title='bbox 974 1311 1130 1384; x_wconf 79' lang='lat' dir='ltr'><strong>tyrannos,</strong></span> 
     </span>
     <span class='ocr_line' id='line_1_11' title="bbox 75 1399 1128 1484; baseline 0.002 -22"><span class='ocrx_word' id='word_1_66' title='bbox 75 1416 277 1480; x_wconf 90' lang='lat' dir='ltr'><strong>compressas,</strong></span> <span class='ocrx_word' id='word_1_67' title='bbox 296 1399 523 1481; x_wconf 81' lang='lat' dir='ltr'><strong>coangustatas,</strong></span> <span class='ocrx_word' id='word_1_68' title='bbox 540 1404 675 1466; x_wconf 88' lang='lat' dir='ltr'><strong>addictas</strong></span> <span class='ocrx_word' id='word_1_69' title='bbox 697 1404 931 1484; x_wconf 81' lang='lat' dir='ltr'><strong>exinanitasque</strong></span> <span class='ocrx_word' id='word_1_70' title='bbox 947 1405 1128 1465; x_wconf 85' lang='lat' dir='ltr'><strong>immanissi-</strong></span> 
     </span>
     <span class='ocr_line' id='line_1_12' title="bbox 75 1502 1131 1584; baseline 0.002 -23"><span class='ocrx_word' id='word_1_71' title='bbox 75 1518 141 1562; x_wconf 86' lang='lat' dir='ltr'><strong>mas</strong></span> <span class='ocrx_word' id='word_1_72' title='bbox 162 1508 273 1582; x_wconf 84' lang='lat' dir='ltr'><strong>gentes</strong></span> <span class='ocrx_word' id='word_1_73' title='bbox 296 1502 420 1562; x_wconf 89' lang='lat' dir='ltr'><strong>minimo</strong></span> <span class='ocrx_word' id='word_1_74' title='bbox 448 1504 615 1582; x_wconf 76' lang='lat' dir='ltr'><strong>sanguine,</strong></span> <span class='ocrx_word' id='word_1_75' title='bbox 643 1505 729 1565; x_wconf 92' lang='lat' dir='ltr'><strong>nullo</strong></span> <span class='ocrx_word' id='word_1_76' title='bbox 757 1506 940 1581; x_wconf 84' lang='lat' dir='ltr'><strong>certamine,</strong></span> <span class='ocrx_word' id='word_1_77' title='bbox 969 1523 1004 1566; x_wconf 88' lang='lat' dir='ltr'><strong>ac</strong></span> <span class='ocrx_word' id='word_1_78' title='bbox 1033 1521 1131 1584; x_wconf 89' lang='lat' dir='ltr'><strong>paene</strong></span> 
     </span>
     <span class='ocr_line' id='line_1_13' title="bbox 74 1601 1131 1682; baseline 0.002 -20"><span class='ocrx_word' id='word_1_79' title='bbox 74 1601 144 1663; x_wconf 91' lang='lat' dir='ltr'><strong>side</strong></span> <span class='ocrx_word' id='word_1_80' title='bbox 166 1601 271 1662; x_wconf 89' lang='lat' dir='ltr'><strong>caede.</strong></span> <span class='ocrx_word' id='word_1_81' title='bbox 316 1601 463 1682; x_wconf 87' lang='lat' dir='ltr'><strong>Superest</strong></span> <span class='ocrx_word' id='word_1_82' title='bbox 486 1610 519 1663; x_wconf 92' lang='lat' dir='ltr'><strong>ut</strong></span> <span class='ocrx_word' id='word_1_83' title='bbox 544 1603 765 1667; x_wconf 88' lang='lat' dir='ltr'><strong>obtrectatores</strong></span> <span class='ocrx_word' id='word_1_84' title='bbox 793 1612 913 1666; x_wconf 90' lang='lat' dir='ltr'><strong>nostros</strong></span> <span class='ocrx_word' id='word_1_85' title='bbox 941 1605 1131 1666; x_wconf 85' lang='lat' dir='ltr'><strong>molitionum</strong></span> 
     </span>
     <span class='ocr_line' id='line_1_14' title="bbox 74 1703 1131 1785; baseline 0 -22"><span class='ocrx_word' id='word_1_86' title='bbox 74 1720 200 1763; x_wconf 92' lang='lat' dir='ltr'><strong>suarum</strong></span> <span class='ocrx_word' id='word_1_87' title='bbox 223 1703 388 1781; x_wconf 89' lang='lat' dir='ltr'><strong>poeniteat,</strong></span> <span class='ocrx_word' id='word_1_88' title='bbox 411 1703 598 1782; x_wconf 87' lang='lat' dir='ltr'><strong>veritatique</strong></span> <span class='ocrx_word' id='word_1_89' title='bbox 620 1704 819 1780; x_wconf 81' lang='lat' dir='ltr'><strong>erubescant3</strong></span> <span class='ocrx_word' id='word_1_90' title='bbox 844 1707 1005 1785; x_wconf 88' lang='lat' dir='ltr'><strong>Deumque</strong></span> <span class='ocrx_word' id='word_1_91' title='bbox 1023 1721 1131 1765; x_wconf 89' lang='lat' dir='ltr'><strong>verum</strong></span> 
     </span>
     <span class='ocr_line' id='line_1_15' title="bbox 74 1802 1132 1885; baseline 0.002 -24"><span class='ocrx_word' id='word_1_92' title='bbox 74 1809 108 1862; x_wconf 94' lang='lat' dir='ltr'><strong>et</strong></span> <span class='ocrx_word' id='word_1_93' title='bbox 130 1802 244 1879; x_wconf 87' lang='lat' dir='ltr'><strong>solum,</strong></span> <span class='ocrx_word' id='word_1_94' title='bbox 274 1805 326 1882; x_wconf 93' lang='lat' dir='ltr'><strong>qui</strong></span> <span class='ocrx_word' id='word_1_95' title='bbox 353 1810 455 1882; x_wconf 89' lang='lat' dir='ltr'><strong>potest</strong></span> <span class='ocrx_word' id='word_1_96' title='bbox 480 1805 598 1881; x_wconf 86' lang='lat' dir='ltr'><strong>omnia,</strong></span> <span class='ocrx_word' id='word_1_97' title='bbox 621 1806 763 1884; x_wconf 93' lang='lat' dir='ltr'><strong>credant,</strong></span> <span class='ocrx_word' id='word_1_98' title='bbox 786 1808 928 1882; x_wconf 91' lang='lat' dir='ltr'><strong>timeant,</strong></span> <span class='ocrx_word' id='word_1_99' title='bbox 951 1805 1079 1885; x_wconf 79' lang='lat' dir='ltr'><strong>diligent</strong></span> <span class='ocrx_word' id='word_1_100' title='bbox 1102 1811 1132 1864; x_wconf 92' lang='lat' dir='ltr'><strong>et</strong></span> 
     </span>
     <span class='ocr_line' id='line_1_16' title="bbox 74 1903 1132 1987; baseline 0.003 -26"><span class='ocrx_word' id='word_1_101' title='bbox 74 1910 261 1980; x_wconf 89' lang='lat' dir='ltr'><strong>sequantur:</strong></span> <span class='ocrx_word' id='word_1_102' title='bbox 292 1903 379 1981; x_wconf 90' lang='lat' dir='ltr'><strong>cujus</strong></span> <span class='ocrx_word' id='word_1_103' title='bbox 409 1905 526 1980; x_wconf 90' lang='lat' dir='ltr'><strong>omnia,</strong></span> <span class='ocrx_word' id='word_1_104' title='bbox 553 1911 586 1966; x_wconf 89' lang='lat' dir='ltr'><strong>et</strong></span> <span class='ocrx_word' id='word_1_105' title='bbox 608 1923 688 1984; x_wconf 89' lang='lat' dir='ltr'><strong>quae</strong></span> <span class='ocrx_word' id='word_1_106' title='bbox 711 1905 788 1967; x_wconf 87' lang='lat' dir='ltr'><strong>mala</strong></span> <span class='ocrx_word' id='word_1_107' title='bbox 811 1913 932 1987; x_wconf 91' lang='lat' dir='ltr'><strong>putant,</strong></span> <span class='ocrx_word' id='word_1_108' title='bbox 956 1906 1035 1966; x_wconf 87' lang='lat' dir='ltr'><strong>bona</strong></span> <span class='ocrx_word' id='word_1_109' title='bbox 1063 1921 1132 1964; x_wconf 89' lang='lat' dir='ltr'><strong>esse</strong></span> 
     </span>
     <span class='ocr_line' id='line_1_17' title="bbox 75 2001 1130 2087; baseline 0.002 -25"><span class='ocrx_word' id='word_1_110' title='bbox 75 2002 259 2064; x_wconf 91' lang='lat' dir='ltr'><strong>didicerunt.</strong></span> <span class='ocrx_word' id='word_1_111' title='bbox 304 2001 462 2083; x_wconf 82' lang='lat' dir='ltr'><strong>Explicui,</strong></span> <span class='ocrx_word' id='word_1_112' title='bbox 499 2005 665 2087; x_wconf 90' lang='lat' dir='ltr'><strong>adjuvante</strong></span> <span class='ocrx_word' id='word_1_113' title='bbox 689 2006 825 2083; x_wconf 84' lang='lat' dir='ltr'><strong>Christo,</strong></span> <span class='ocrx_word' id='word_1_114' title='bbox 853 2005 1022 2068; x_wconf 89' lang='lat' dir='ltr'><strong>secundum</strong></span> <span class='ocrx_word' id='word_1_115' title='bbox 1046 2011 1130 2066; x_wconf 91' lang='lat' dir='ltr'><strong>tuum</strong></span> 
     </span>
     <span class='ocr_line' id='line_1_18' title="bbox 75 2103 1132 2186; baseline 0.005 -25"><span class='ocrx_word' id='word_1_116' title='bbox 75 2110 288 2180; x_wconf 89' lang='lat' dir='ltr'><strong>praeceptum,</strong></span> <span class='ocrx_word' id='word_1_117' title='bbox 316 2103 492 2164; x_wconf 88' lang='lat' dir='ltr'><strong>beatissime</strong></span> <span class='ocrx_word' id='word_1_118' title='bbox 518 2113 605 2183; x_wconf 89' lang='lat' dir='ltr'><strong>pater</strong></span> <span class='ocrx_word' id='word_1_119' title='bbox 632 2105 822 2186; x_wconf 80' lang='lat' dir='ltr'><strong>Angustiae,</strong></span> <span class='ocrx_word' id='word_1_120' title='bbox 851 2106 888 2167; x_wconf 93' lang='lat' dir='ltr'><strong>ab</strong></span> <span class='ocrx_word' id='word_1_121' title='bbox 917 2107 1004 2167; x_wconf 91' lang='lat' dir='ltr'><strong>initio</strong></span> <span class='ocrx_word' id='word_1_122' title='bbox 1027 2105 1132 2166; x_wconf 85' lang='lat' dir='ltr'><strong>mundi</strong></span> 
     </span>
     <span class='ocr_line' id='line_1_19' title="bbox 74 2203 1132 2286; baseline 0.005 -25"><span class='ocrx_word' id='word_1_123' title='bbox 74 2218 176 2280; x_wconf 88' lang='lat' dir='ltr'><strong>usque</strong></span> <span class='ocrx_word' id='word_1_124' title='bbox 203 2203 234 2263; x_wconf 92' lang='lat' dir='ltr'><strong>in</strong></span> <span class='ocrx_word' id='word_1_125' title='bbox 264 2208 456 2281; x_wconf 88' lang='lat' dir='ltr'><strong>praesentem</strong></span> <span class='ocrx_word' id='word_1_126' title='bbox 484 2203 581 2281; x_wconf 91' lang='lat' dir='ltr'><strong>diem,</strong></span> <span class='ocrx_word' id='word_1_127' title='bbox 610 2204 669 2267; x_wconf 94' lang='lat' dir='ltr'><strong>hoc</strong></span> <span class='ocrx_word' id='word_1_128' title='bbox 699 2213 760 2267; x_wconf 90' lang='lat' dir='ltr'><strong>cst:</strong></span> <span class='ocrx_word' id='word_1_129' title='bbox 790 2223 845 2286; x_wconf 89' lang='lat' dir='ltr'><strong>per</strong></span> <span class='ocrx_word' id='word_1_130' title='bbox 871 2222 968 2268; x_wconf 89' lang='lat' dir='ltr'><strong>annos</strong></span> <span class='ocrx_word' id='word_1_131' title='bbox 994 2206 1132 2285; x_wconf 89' lang='lat' dir='ltr'><strong>quinque</strong></span> 
     </span>
     <span class='ocr_line' id='line_1_20' title="bbox 75 2300 1132 2387; baseline 0.006 -27"><span class='ocrx_word' id='word_1_132' title='bbox 75 2300 161 2362; x_wconf 91' lang='lat' dir='ltr'><strong>mille</strong></span> <span class='ocrx_word' id='word_1_133' title='bbox 183 2309 347 2378; x_wconf 86' lang='lat' dir='ltr'><strong>sexcentos</strong></span> <span class='ocrx_word' id='word_1_134' title='bbox 369 2309 401 2365; x_wconf 89' lang='lat' dir='ltr'><strong>et</strong></span> <span class='ocrx_word' id='word_1_135' title='bbox 423 2306 658 2384; x_wconf 88' lang='lat' dir='ltr'><strong>septemdecim,</strong></span> <span class='ocrx_word' id='word_1_136' title='bbox 688 2306 869 2387; x_wconf 88' lang='lat' dir='ltr'><strong>cupiditates</strong></span> <span class='ocrx_word' id='word_1_137' title='bbox 898 2312 930 2367; x_wconf 91' lang='lat' dir='ltr'><strong>et</strong></span> <span class='ocrx_word' id='word_1_138' title='bbox 957 2307 1132 2385; x_wconf 93' lang='lat' dir='ltr'><strong>punitiones</strong></span> 
     </span>
     <span class='ocr_line' id='line_1_21' title="bbox 74 2401 1132 2488; baseline 0.007 -28"><span class='ocrx_word' id='word_1_139' title='bbox 74 2401 233 2463; x_wconf 90' lang='lat' dir='ltr'><strong>hominurn</strong></span> <span class='ocrx_word' id='word_1_140' title='bbox 257 2410 465 2482; x_wconf 91' lang='lat' dir='ltr'><strong>peccatorum,</strong></span> <span class='ocrx_word' id='word_1_141' title='bbox 489 2404 732 2468; x_wconf 81' lang='lat' dir='ltr'><strong>conflictationes</strong></span> <span class='ocrx_word' id='word_1_142' title='bbox 755 2407 852 2469; x_wconf 92' lang='lat' dir='ltr'><strong>seculi</strong></span> <span class='ocrx_word' id='word_1_143' title='bbox 876 2413 907 2468; x_wconf 88' lang='lat' dir='ltr'><strong>et</strong></span> <span class='ocrx_word' id='word_1_144' title='bbox 928 2406 1041 2488; x_wconf 90' lang='lat' dir='ltr'><strong>judicia</strong></span> <span class='ocrx_word' id='word_1_145' title='bbox 1064 2407 1132 2480; x_wconf 89' lang='lat' dir='ltr'><strong>Dei,</strong></span> 
     </span>
     <span class='ocr_line' id='line_1_22' title="bbox 75 2501 1133 2587; baseline 0.006 -25"><span class='ocrx_word' id='word_1_146' title='bbox 75 2519 167 2580; x_wconf 89' lang='lat' dir='ltr'><strong>quam</strong></span> <span class='ocrx_word' id='word_1_147' title='bbox 192 2501 371 2572; x_wconf 74' lang='lat' dir='ltr'><strong>breuissime</strong></span> <span class='ocrx_word' id='word_1_148' title='bbox 393 2509 424 2562; x_wconf 92' lang='lat' dir='ltr'><strong>et</strong></span> <span class='ocrx_word' id='word_1_149' title='bbox 453 2522 543 2582; x_wconf 89' lang='lat' dir='ltr'><strong>quam</strong></span> <span class='ocrx_word' id='word_1_150' title='bbox 571 2507 796 2587; x_wconf 89' lang='lat' dir='ltr'><strong>simplicissime</strong></span> <span class='ocrx_word' id='word_1_151' title='bbox 824 2507 925 2586; x_wconf 85' lang='lat' dir='ltr'><strong>potui,</strong></span> <span class='ocrx_word' id='word_1_152' title='bbox 955 2506 1133 2569; x_wconf 88' lang='lat' dir='ltr'><strong>Christianis</strong></span> 
     </span>
     <span class='ocr_line' id='line_1_23' title="bbox 75 2601 1132 2688; baseline 0.008 -27"><span class='ocrx_word' id='word_1_153' title='bbox 75 2609 178 2661; x_wconf 89' lang='lat' dir='ltr'><strong>tamen</strong></span> <span class='ocrx_word' id='word_1_154' title='bbox 201 2601 405 2680; x_wconf 91' lang='lat' dir='ltr'><strong>temporibus,</strong></span> <span class='ocrx_word' id='word_1_155' title='bbox 433 2612 557 2683; x_wconf 88' lang='lat' dir='ltr'><strong>propter</strong></span> <span class='ocrx_word' id='word_1_156' title='bbox 575 2604 776 2686; x_wconf 77' lang='lat' dir='ltr'><strong>&#39;praesentem</strong></span> <span class='ocrx_word' id='word_1_157' title='bbox 804 2608 900 2688; x_wconf 87' lang='lat' dir='ltr'><strong>magis</strong></span> <span class='ocrx_word' id='word_1_158' title='bbox 923 2606 1034 2670; x_wconf 85' lang='lat' dir='ltr'><strong>Christi</strong></span> <span class='ocrx_word' id='word_1_159' title='bbox 1056 2625 1132 2687; x_wconf 85' lang='lat' dir='ltr'><strong>gra-</strong></span> 
     </span>
     <span class='ocr_line' id='line_1_24' title="bbox 76 2699 1132 2789; baseline 0.007 -28"><span class='ocrx_word' id='word_1_160' title='bbox 76 2705 165 2777; x_wconf 89' lang='lat' dir='ltr'><strong>tiam,</strong></span> <span class='ocrx_word' id='word_1_161' title='bbox 199 2701 237 2761; x_wconf 88' lang='lat' dir='ltr'><strong>ab</strong></span> <span class='ocrx_word' id='word_1_162' title='bbox 270 2699 321 2761; x_wconf 90' lang='lat' dir='ltr'><strong>illa</strong></span> <span class='ocrx_word' id='word_1_163' title='bbox 349 2701 572 2768; x_wconf 89' lang='lat' dir='ltr'><strong>incredulitatis</strong></span> <span class='ocrx_word' id='word_1_164' title='bbox 599 2707 782 2771; x_wconf 80' lang='lat' dir='ltr'><strong>confusione</strong></span> <span class='ocrx_word' id='word_1_165' title='bbox 810 2708 958 2770; x_wconf 89' lang='lat' dir='ltr'><strong>discretis.</strong></span> <span class='ocrx_word' id='word_1_166' title='bbox 1002 2708 1046 2769; x_wconf 85' lang='lat' dir='ltr'><strong>lta</strong></span> <span class='ocrx_word' id='word_1_167' title='bbox 1070 2711 1132 2789; x_wconf 88' lang='lat' dir='ltr'><strong>jam</strong></span> 
     </span>
     <span class='ocr_line' id='line_1_25' title="bbox 76 2801 1133 2887; baseline 0.007 -25"><span class='ocrx_word' id='word_1_168' title='bbox 76 2817 137 2882; x_wconf 81' lang='lat' dir='ltr'><strong>ego</strong></span> <span class='ocrx_word' id='word_1_169' title='bbox 160 2808 244 2862; x_wconf 88' lang='lat' dir='ltr'><strong>certo</strong></span> <span class='ocrx_word' id='word_1_170' title='bbox 268 2807 300 2862; x_wconf 88' lang='lat' dir='ltr'><strong>et</strong></span> <span class='ocrx_word' id='word_1_171' title='bbox 321 2801 403 2880; x_wconf 89' lang='lat' dir='ltr'><strong>solo,</strong></span> <span class='ocrx_word' id='word_1_172' title='bbox 426 2821 518 2882; x_wconf 91' lang='lat' dir='ltr'><strong>quem</strong></span> <span class='ocrx_word' id='word_1_173' title='bbox 546 2811 766 2887; x_wconf 89' lang='lat' dir='ltr'><strong>concupiscere</strong></span> <span class='ocrx_word' id='word_1_174' title='bbox 795 2809 903 2886; x_wconf 91' lang='lat' dir='ltr'><strong>debui,</strong></span> <span class='ocrx_word' id='word_1_175' title='bbox 938 2808 1133 2870; x_wconf 86' lang='lat' dir='ltr'><strong>obedientiac</strong></span> 
     </span>
    </p>
   </div>
   <div class='ocr_carea' id='block_1_4' title="bbox 74 2900 1133 3178">
    <p class='ocr_par' dir='ltr' id='par_1_4' title="bbox 74 2900 1133 3178">
     <span class='ocr_line' id='line_1_26' title="bbox 76 2900 1133 2990; baseline 0.009 -30"><span class='ocrx_word' id='word_1_176' title='bbox 76 2919 164 2961; x_wconf 88' lang='lat' dir='ltr'><strong>meae</strong></span> <span class='ocrx_word' id='word_1_177' title='bbox 198 2900 301 2963; x_wconf 89' lang='lat' dir='ltr'><strong>lructu</strong></span> <span class='ocrx_word' id='word_1_178' title='bbox 333 2901 427 2964; x_wconf 81' lang='lat' dir='ltr'><strong>fruor.</strong></span> <span class='ocrx_word' id='word_1_179' title='bbox 472 2903 518 2966; x_wconf 90' lang='lat' dir='ltr'><strong>De</strong></span> <span class='ocrx_word' id='word_1_180' title='bbox 551 2905 698 2986; x_wconf 91' lang='lat' dir='ltr'><strong>qualitate</strong></span> <span class='ocrx_word' id='word_1_181' title='bbox 726 2917 826 2984; x_wconf 85' lang='lat' dir='ltr'><strong>autem</strong></span> <span class='ocrx_word' id='word_1_182' title='bbox 857 2909 1072 2990; x_wconf 89' lang='lat' dir='ltr'><strong>opusculorum</strong></span> <span class='ocrx_word' id='word_1_183' title='bbox 1100 2916 1133 2969; x_wconf 89' lang='lat' dir='ltr'><strong>tu</strong></span> 
     </span>
     <span class='ocr_line' id='line_1_27' title="bbox 76 3001 1132 3090; baseline 0.011 -31"><span class='ocrx_word' id='word_1_184' title='bbox 76 3001 208 3077; x_wconf 92' lang='lat' dir='ltr'><strong>videris,</strong></span> <span class='ocrx_word' id='word_1_185' title='bbox 232 3003 290 3080; x_wconf 92' lang='lat' dir='ltr'><strong>qui</strong></span> <span class='ocrx_word' id='word_1_186' title='bbox 319 3007 518 3085; x_wconf 85' lang='lat' dir='ltr'><strong>praecepisti3</strong></span> <span class='ocrx_word' id='word_1_187' title='bbox 547 3007 601 3067; x_wconf 89' lang='lat' dir='ltr'><strong>tibi</strong></span> <span class='ocrx_word' id='word_1_188' title='bbox 625 3009 842 3088; x_wconf 89' lang='lat' dir='ltr'><strong>adjudicanda,</strong></span> <span class='ocrx_word' id='word_1_189' title='bbox 865 3011 890 3072; x_wconf 93' lang='lat' dir='ltr'><strong>si</strong></span> <span class='ocrx_word' id='word_1_190' title='bbox 914 3011 1001 3073; x_wconf 88' lang='lat' dir='ltr'><strong>edas:</strong></span> <span class='ocrx_word' id='word_1_191' title='bbox 1026 3018 1132 3090; x_wconf 89' lang='lat' dir='ltr'><strong>perte</strong></span> 
     </span>
     <span class='ocr_line' id='line_1_28' title="bbox 74 3101 967 3178; baseline 0.017 -17"><span class='ocrx_word' id='word_1_192' title='bbox 74 3101 218 3178; x_wconf 86' lang='lat' dir='ltr'><strong>judicata,</strong></span> <span class='ocrx_word' id='word_1_193' title='bbox 243 3103 269 3163; x_wconf 92' lang='lat' dir='ltr'><strong>si</strong></span> <span class='ocrx_word' id='word_1_194' title='bbox 292 3103 404 3166; x_wconf 89' lang='lat' dir='ltr'><strong>deleas.</strong></span> <span class='ocrx_word' id='word_1_195' title='bbox 965 3120 967 3125; x_wconf 83' lang='lat'>&#39;</span> 
     </span>
    </p>
   </div>
   <div class='ocr_carea' id='block_1_5' title="bbox 0 0 1328 4434">
    <p class='ocr_par' dir='ltr' id='par_1_5' title="bbox 0 0 1328 4434">
     <span class='ocr_line' id='line_1_29' title="bbox 0 0 1328 4434; baseline 0 0"><span class='ocrx_word' id='word_1_196' title='bbox 0 0 1328 4434; x_wconf 95' lang='lat' dir='ltr'><strong> </strong></span> 
     </span>
    </p>
   </div>
  </div>
 </body>
</html>
