2634 4434
584 339 628 407 15

74 577 230 655 quinque,
264 574 296 634 in
329 571 389 634 lato
422 573 518 634 millia
546 589 695 654 passuum*
717 582 841 638 centurn
870 575 1129 658 vigintiquinque.

74 675 178 737 lnsula
202 675 289 736 Greia
312 673 417 736 linitur
438 673 476 736 ab
500 677 620 738 oriente
644 675 806 755 Carpathio
834 677 924 752 mari,
952 675 990 738 ab
1017 695 1130 740 occasu

74 783 107 836 ot
128 775 338 854 septentrione
360 777 436 836 mari
452 776 584 854 Cretico,
607 795 624 838 a
648 776 777 839 meridie
799 778 876 838 mari
897 775 1025 858 Libyco,
1048 776 1130 856 quod

74 883 107 936 et
122 875 311 937 Adriaticum
327 882 454 937 vocant:
479 875 571 939 habet
593 879 624 940 in
648 879 742 959 longo
764 876 858 939 millia
880 893 1025 956 passuum
1048 894 1129 938 cen-

74 983 137 1036 tum
167 976 358 1056 septuaginta
387 977 465 1054 duo,
493 979 525 1038 in
554 978 615 1040 lato
642 979 874 1060 quinquaginta.
914 977 1040 1039 insulae
1062 976 1129 1058 Gy·
1171 1004 1174 1010 ·

71 1076 187 1154 clades,
211 1093 338 1156 quarum
362 1084 409 1137 cst
429 1077 467 1139 ab
484 1079 604 1141 oriente
619 1081 716 1159 prima
728 1077 863 1156 illudue,
884 1078 1130 1158 asepteutrione

70 1175 228 1253 TenedoS,
261 1195 278 1238 a
312 1177 442 1238 meridie
475 1179 657 1260 Carpathos,
691 1180 729 1242 ab
761 1196 875 1241 occasu
908 1177 1056 1259 Cythera,
1089 1176 1129 1239 alr

69 1278 193 1338 oriente
215 1277 364 1339 finiuntur
385 1277 526 1341 litoribus
547 1280 651 1360 Asiae,
675 1281 713 1344 ab
736 1281 899 1343 occidente
921 1279 997 1340 mari
1019 1277 1129 1355 lcario,

68 1396 85 1436 a
114 1378 326 1457 septentrione
355 1380 430 1441 mari
457 1380 600 1462 Aegaeo,
634 1401 652 1444 a
686 1381 816 1444 meridie
848 1380 924 1442 mari
958 1377 1127 1459 Carpathio.

69 1477 150 1539 Sunt
177 1484 281 1538 autem
315 1496 422 1542 omnes
457 1481 603 1562 Cyclados
636 1496 777 1544 numero
798 1480 1022 1562 quinquaginta
1055 1485 1127 1542 tres.

67 1577 133 1638 Hae
158 1583 266 1638 tenent
287 1597 304 1638 a
326 1582 536 1658 septentrione
559 1584 591 1644 in
608 1583 768 1644 meridiem
784 1581 878 1643 millia
893 1596 1038 1661 passuum
1054 1575 1126 1652 [33]

67 1677 310 1758 quinquaginta,
340 1679 377 1740 ab
406 1683 525 1741 oriente
547 1683 580 1741 in
602 1697 745 1743 occasum
767 1681 862 1743 millia
883 1681 1024 1742 ducenta.
1069 1677 1125 1740 Si·

65 1779 140 1840 cilia
168 1777 268 1840 insula
296 1780 353 1842 tria
387 1778 479 1840 habet
511 1782 735 1860 promontoria,
769 1796 865 1841 unum
899 1778 982 1859 quod
1014 1777 1128 1839 dicitur

65 1879 224 1955 Pelorum,
258 1887 292 1940 ct
322 1880 451 1960 adspicit
484 1880 522 1940 ad
550 1881 742 1961 aquilonem,
769 1880 821 1942 cui
849 1878 989 1942 llessana
1015 1877 1125 1940 civitas

64 1979 205 2058 proximu
228 1985 288 2040 est:
313 1981 502 2058 secundum,
525 1981 607 2060 quod
630 1982 744 2058 dicitur
764 1979 955 2061 Pachynum,
978 1977 1036 2041 sub
1058 1995 1123 2058 quo

65 2079 175 2140 civitas
199 2078 405 2159 Syracusana,
428 2083 554 2162 respicit
575 2083 613 2144 ad
636 2089 836 2144 euronotum:
870 2080 1011 2156 tertium,
1039 2079 1123 2158 quod

64 2179 237 2259 adpellatur
262 2179 459 2261 Lilybaeum,
487 2183 541 2244 ubi
563 2191 596 2244 et
618 2184 725 2245 civitas
748 2181 885 2263 ejusdem
909 2180 1043 2241 nominis
1063 2179 1123 2240 sita

65 2286 124 2355 est,
151 2279 293 2360 dirigitur
314 2283 345 2343 in
369 2298 519 2346 occasum.
564 2282 647 2344 Haec
669 2283 761 2343 habet
783 2281 923 2344 aPeloro
945 2281 977 2341 in
1000 2278 1120 2359 Pachy-

65 2396 138 2439 num
156 2379 248 2442 millia
264 2399 406 2461 passuum
424 2390 547 2444 centum
564 2384 786 2463 quinquaginta
802 2399 925 2457 novem,
946 2399 963 2442 a
979 2379 1121 2458 Pachyno

66 2480 96 2539 in
112 2479 291 2560 Lilybaeum
315 2487 437 2542 centum
463 2482 655 2561 septuaginta
681 2489 808 2560 septem.
850 2480 934 2540 Haec
948 2479 987 2540 ab
1001 2480 1122 2539 oriente

66 2581 200 2661 cingitur
224 2582 299 2641 mari
322 2580 495 2657 AdriaticO,
517 2598 535 2640 a
558 2579 687 2641 meridie
715 2580 791 2640 mari
817 2577 941 2657 Africo,
970 2577 1051 2658 quod
1074 2585 1122 2638 est

67 2688 172 2742 contra
200 2680 415 2744 Snbvcntanos
445 2687 476 2742 et
503 2679 609 2760 Syrtes
637 2681 786 2742 minores:
821 2680 859 2741 ab
893 2681 1055 2742 occidente
1089 2684 1121 2740 et

65 2783 276 2862 septentrione
298 2781 391 2843 habet
413 2799 496 2842 mare
518 2780 727 2862 Tyrrhenum:
757 2801 775 2843 a
800 2781 896 2843 borea
917 2791 1017 2860 usque
1038 2779 1118 2840 suh-

65 2883 222 2960 solanum,
248 2882 360 2944 iratum
383 2881 589 2961 Adriaticum,
613 2883 696 2962 quod
718 2882 827 2944 dividit
848 2881 1120 2943 Tauromenitanos

66 2982 207 3059 Siciliae,
242 2991 273 3046 et
304 2982 440 3044 Bruttios
472 2982 584 3047 ltaliae.
629 2983 769 3048 Sardinia
802 2990 834 3044 et
850 2981 985 3044 corsica
1018 2979 1120 3043 insula

64 3101 159 3158 parvo
180 3083 270 3162 freto,
292 3083 352 3144 hoc
367 3089 424 3161 est,
447 3082 575 3145 millium
590 3085 711 3166 viginti,
734 3085 926 3152 dividuntur:
951 3081 1119 3163 exquibus

66 3182 206 3245 Sardinia
237 3183 330 3246 habet
362 3189 389 3246 a
411 3185 540 3246 meridie
573 3192 680 3247 contra
711 3184 883 3248 Numidiam
913 3182 1117 3246 Caralitanos:

65 3291 172 3345 contra
201 3283 352 3348 Corsicam
380 3285 526 3364 insulam,
554 3287 613 3348 hoc
641 3295 704 3363 cst,
731 3286 973 3364 septentrionem
999 3298 1119 3360 versus,

64 3384 158 3446 habet
180 3383 356 3447 Ulbiensas:
386 3385 474 3464 cujus
502 3388 534 3446 in
555 3386 649 3466 longo
672 3385 802 3464 spatium
825 3391 909 3446 tenet
930 3384 1024 3447 millia
1047 3381 1118 3458 [34]

63 3501 210 3564 passuum
233 3485 365 3548 ducenta
388 3488 524 3567 triginta,
544 3485 576 3546 in
599 3485 659 3548 lato
682 3486 776 3548 millia
798 3488 929 3550 ducenta
943 3488 1117 3568 octoginta.

64 3587 148 3648 llaec
170 3585 263 3648 habet
284 3587 321 3650 ab
345 3587 464 3649 oriente
486 3593 518 3648 et
539 3605 556 3648 a
578 3587 672 3650 borea
694 3588 884 3668 Tyrrhenum
909 3607 1005 3666 mare,
1035 3585 1118 3666 quod

43 3679 182 3767 'spectat
210 3687 247 3748 ad
274 3695 394 3768 portum
416 3688 501 3750 urbis
523 3686 652 3750 Romae:
676 3688 714 3749 ab
737 3701 848 3751 occasu
871 3709 954 3753 mare
977 3687 1117 3760 Sardum,

63 3788 101 3849 ab
125 3785 223 3850 alrico
246 3787 361 3850 insulas
384 3789 525 3874 Baleares
547 3789 640 3875 longe
662 3790 791 3869 positas,
814 3808 831 3852 a
853 3790 982 3852 meridie
1003 3780 1116 3848 Numi'-

64 3888 167 3950 dicum
190 3889 308 3965 sinum,
336 3907 353 3950 a
381 3892 589 3969 septentrione
616 3889 663 3969 (ut
684 3887 760 3969 dixi)
786 3890 949 3951 Corsicam.
994 3883 1118 3950 Corsica

64 3988 166 4052 insula
200 3989 302 4053 multis
335 3992 549 4070 promontoriis
577 3990 725 4072 angulosa
753 3997 807 4052 est.
851 3987 934 4049 Haec
960 3985 1062 4049 habet»
1078 3987 1117 4048 ab
