2634 4434
620 293 623 297 ’
688 327 757 396 aaa

617 429 824 439 m-———

196 566 309 630 rationi
341 562 542 629 amecmbtta.
588 561 773 644 Quingentis
799 561 880 623 enim
910 555 1098 640 principibus
1131 575 1250 634 eorum,
1313 607 1314 610 ,

197 663 287 748 [295]
319 681 397 752 quos
424 665 573 728 societate
599 663 744 724 invitatos
776 661 940 723 deditionis
967 661 1035 740 jure
1062 665 1249 738 susceperat,
1313 643 1314 648 ’

187 783 305 831 ωαηιιε
331 765 487 845 praecidit.
530 763 706 843 Pompejus,
733 763 893 842 sequentis
921 760 993 822 anni
1021 759 1144 836 consul,
1174 757 1251 818 lines

196 864 451 945 Numantinorum
483 865 642 944 ingressus
674 869 799 942 accepta
826 863 957 924 maxima
986 859 1073 921 clade
1099 859 1251 934 discessit,
1313 923 1314 926 ,

198 983 262 1028 uon
287 965 386 1030 solum
416 965 555 1027 exercitu
583 981 682 1044 paene
710 965 793 1024 omni
820 961 995 1044 profligato,
1022 977 1131 1022 verum
1161 959 1254 1021 ctiam
1313 983 1314 990 ἒ

198 1066 337 1147 plurimis
368 1064 534 1141 nobilium,
567 1064 622 1144 qui
654 1065 684 1126 ei
717 1063 844 1126 militiae
875 1063 1018 1142 aderant,
1051 1058 1253 1139 interemptis.
1313 1089 1314 1144 q

199 1167 355 1234 Viriathus
383 1173 503 1244 autem,
537 1183 608 1229 cum
634 1183 691 1245 per
719 1164 950 1246 quatuordecim
977 1177 1074 1224 annos
1100 1159 1255 1220 Romanos
1313 1145 1314 1196 5

200 1267 410 1347 doceantque
432 1267 587 1328 exercitus
614 1267 822 1345 protrivisset,
851 1264 970 1326 insidiis
996 1279 1121 1326 suorum
1151 1261 1254 1321 inter-

200 1366 302 1430 iectus
326 1374 388 1429 est:
417 1367 448 1428 in
477 1365 536 1427 hoc
557 1365 623 1429 solo
645 1365 789 1428 Romanis
812 1365 893 1427 circa
916 1383 986 1426 eum
1009 1362 1130 1424 fortiter
1152 1375 1255 1442 agen-

201 1468 299 1546 tibus,
328 1466 410 1547 quod
438 1481 635 1544 percussores
657 1468 724 1548 ejus
747 1466 890 1548 indignos
911 1465 1049 1545 praemio
1066 1461 1254 1542 Judicarunt.

201 1567 244 1630 At
271 1583 330 1649 ego
358 1582 421 1629 non
448 1566 539 1631 modo
572 1584 671 1644 nunc,
704 1567 905 1630 verumetiam
939 1581 1032 1644 saepe
1064 1565 1256 1626 intertexere

202 1667 338 1732 Orientis
366 1667 418 1729 illa
444 1667 670 1730 inextricabilia
697 1668 778 1730 bella
804 1675 957 1748 poteram,
985 1681 1065 1744 quae
1092 1679 1163 1724 raro
1190 1679 1255 1723 un-

203 1787 293 1849 quam
317 1768 376 1837 nisi
401 1767 573 1832 sceleribus
600 1776 654 1830 aut
680 1769 848 1849 incipiunt,
875 1773 928 1830 aut
956 1765 1172 1827 terminantur:
1201 1761 1256 1823 sed

202 1870 424 1944 Romanorum,
452 1886 522 1930 cum
549 1869 662 1947 quibus
689 1867 779 1931 nobis
805 1869 886 1930 actio
913 1873 975 1944 est,
1003 1873 1087 1928 tanta
1112 1870 1200 1941 sunt,
1224 1869 1260 1923 ut
1313 1873 1314 1956 q

198 1968 271 2048 jure
293 1966 487 2031 fastidiantur
507 1969 617 2032 aliem.
1313 1981 1314 2056 t

288 2118 478 2181 Mithridates
501 2126 574 2181 tunc
596 2121 764 2202 siquidem,
794 2141 851 2184 rex
878 2120 1056 2184 Parthorum
1086 2125 1193 2182 sextus
1222 2117 1259 2180 ab

204 2222 332 2298 Arsace,
354 2221 436 2283 victo
455 2219 612 2285 Demetrio
633 2221 790 2304 praefecto
812 2223 1010 2304 Babyloniam
1032 2221 1140 2284 urbem
1160 2217 1259 2281 lines-

205 2339 267 2402 quc
290 2321 356 2401 ejus
378 2321 540 2384 universos
561 2323 661 2384 victor
684 2325 803 2387 invasit.
848 2325 963 2386 Omnes
989 2319 1149 2403 praeterea
1176 2337 1260 2401 gen·

205 2430 264 2500 teS,
286 2438 366 2500 quae
388 2421 469 2482 inter
483 2421 655 2503 Hydaspem
676 2423 802 2487 fluvium
819 2433 849 2487 et
864 2425 969 2487 lndunr
988 2425 1104 2505 jacent,
1127 2421 1260 2502 subegit.

205 2522 255 2585 Ad
281 2521 400 2606 lndiam
425 2539 549 2603 quoque
577 2532 738 2588 cruentum
766 2527 905 2588 extendit
934 2523 1113 2604 imperium,
1140 2523 1261 2584 Deme·

206 2624 298 2684 trium
320 2623 420 2700 ipsum
441 2623 579 2685 secundo
601 2624 661 2685 sibi
683 2624 765 2687 bello
780 2633 994 2687 occurrentem
1016 2624 1091 2686 vicit
1112 2629 1143 2684 ct
1164 2621 1259 2701 cepit:
1313 2639 1314 2654 ¹

208 2739 270 2803 quo
297 2730 385 2800 capto
417 2721 566 2784 Diodotus
594 2724 717 2805 quidam
745 2742 814 2786 cum
841 2725 1018 2788 Alexandro
1041 2725 1103 2786 filio
1131 2739 1262 2806 regnum

208 2825 276 2905 ejus
298 2830 329 2886 et
346 2823 470 2904 regium
490 2839 603 2884 nomen
618 2825 791 2903 usurpavit:
816 2829 869 2906 qui
886 2833 991 2906 postea
1005 2826 1104 2907 ipsum
1119 2824 1262 2902 Alexan-

208 2923 296 2988 drum
318 2923 425 2998 lilium,
449 2941 539 3002 quem
562 2924 739 3003 participem
762 2926 892 3004 periculi
907 2928 939 2988 in
955 2926 1150 3006 pervadendo
1165 2939 1264 3006 regno

209 3024 372 3100 habuerat,
395 3040 436 3084 ne
458 3023 490 3083 iu
513 3021 681 3085 obtinendo
703 3033 875 3089 consortem
898 3027 1042 3114 haberet,
1065 3025 1185 3088 occidit.
1313 3019 1314 3026 '

294 3174 334 3238 Μ.
356 3175 489 3239 Aemilio
510 3175 636 3258 Lepido,
661 3176 691 3242 b.
713 3179 843 3242 Hostilio
862 3177 1004 3241 Mancino
1021 3177 1103 3240 Coss.
1125 3176 1266 3257 prodigia

212 3276 303 3354 [296]
326 3278 495 3359 adparuere
513 3278 636 3341 diversa
655 3287 687 3341 et
706 3288 851 3361 quantum
875 3281 907 3340 in
930 3281 1004 3359 ipsis
1026 3277 1095 3356 fuit,
1118 3295 1158 3340 ex
1180 3295 1267 3338 more

211 3387 317 3443 curata
337 3385 437 3445 sunta
453 3377 508 3440 sed
536 3397 599 3442 non
626 3398 749 3463 semper
774 3379 1011 3462 aucupatoribus
1040 3385 1207 3440 eventuum
1236 3383 1267 3439 et

212 3477 415 3543 structoribus
437 3475 623 3543 fallaciarum
645 3483 836 3562 aruspicibus
859 3481 1021 3562 opportuni
1036 3495 1126 3540 casus
1149 3477 1266 3540 suffra-

212 3586 331 3662 gantur.
374 3576 512 3657 Namque
540 3578 700 3642 Mancinus
734 3582 863 3660 Consul,
896 3582 1055 3662 postquam
1089 3597 1106 3640 a
1139 3576 1267 3658 Popillio
1313 3617 1314 3624 κ

212 3679 292 3760 apud
307 3676 499 3739 Numantiam
522 3681 656 3758 suscepit
675 3681 856 3758 exercitum,
879 3682 956 3743 adeo
972 3678 1138 3742 infeliciter
1152 3677 1267 3758 praelia

214 3785 325 3842 cuncta
345 3778 452 3857 gessit,
478 3783 571 3856 atque
594 3779 624 3839 in
648 3778 679 3839 id
701 3797 842 3858 suprema
865 3780 1079 3860 desperatione
1101 3778 1268 3859 perductus
1313 3811 1314 3816 κ

215 3884 274 3952 est,
295 3883 330 3939 ut
351 3875 683 3954 turpissimum-foedus
704 3896 774 3941 cum
789 3879 982 3942 Numantinis
1003 3877 1107 3941 lacere
1128 3895 1266 3958 cogere·

187 4051 192 4062 ,
216 3981 282 4036 turc
312 3975 452 4052 quamvis
479 3982 511 4038 et
530 3975 691 4057 Pompeius
709 3979 771 4057 jrm
793 3981 876 4044 aliud
892 3997 998 4058 aeque
1021 3977 1135 4040 insama
1157 3975 1267 4040 foedus
1313 4051 1314 4062 ἵ
