2634 4434
552 347 626 420 285

64 602 133 645 cum
162 559 303 646 Odenato
336 599 393 645 suo
424 585 579 648 vincendo
606 592 769 648 venerunt.
816 582 973 648 Gallienus
1004 595 1117 668 autem,

64 702 135 746 cum
163 684 384 764 rempublicam
411 684 599 748 deseruisset
620 703 657 748 ac
679 683 842 748 Mediolani
865 684 1043 750 libidinibus
1065 689 1118 750 in-

62 787 206 864 serviret,
229 787 349 848 o'ccisns
372 793 426 849 est.

370 906 569 1104 dapnt
614 944 799 1075 lllllll.
1030 1003 1120 1083 [ano]

89 1151 441 1235 utrumcunque,
467 1153 632 1222 Aurelius
654 1154 854 1237 Quintillae,
880 1158 917 1222 ct
942 1153 1103 1226 Valerius

353 1253 567 1322 Aurelianus
592 1257 837 1344 Imperatores.

94 1439 97 1445 -
152 1395 244 1456 Anno
266 1392 304 1456 ab
319 1394 401 1456 Urbe
422 1396 544 1459 condita
562 1397 724 1461 millesimo
739 1397 1009 1479 vigesimoquinto,
1026 1399 1121 1463 Clau-

62 1498 138 1561 dius
159 1496 327 1576 vigesimus
349 1503 475 1559 octavus
497 1498 655 1560 voluntate
677 1505 801 1561 serratus
823 1499 931 1560 sumsit
950 1501 1122 1580 imperium,

62 1597 231 1675 statimque
248 1592 362 1656 Gothos
379 1598 442 1676 jam
466 1615 521 1676 per
541 1615 638 1660 annos
659 1598 835 1679 quindecim
856 1597 1011 1677 Illyricum
1035 1597 1121 1684 [521]

64 1695 341 1774 Macedoniamque
363 1703 518 1759 vastantes
545 1697 627 1759 bello
654 1698 793 1776 adortus,
821 1695 996 1760 incredibili
1022 1705 1124 1781 strage

67 1797 196 1872 delevit,
220 1796 271 1857 cui
293 1812 310 1856 a
332 1803 442 1858 senatu
464 1798 591 1879 clypeus
613 1817 726 1862 aureus
748 1800 780 1859 in
802 1798 898 1873 curia,
921 1805 952 1858 et
975 1799 1005 1858 in
1030 1797 1123 1879 Capi-

67 1897 144 1958 tolio
166 1902 266 1958 statua
295 1912 396 1977 aeque
423 1917 516 1960 aurea
546 1899 670 1962 decreta
699 1907 760 1976 est,
788 1897 843 1960 sed
871 1899 1018 1960 continuo
1045 1901 1125 1979 apud

70 1997 230 2072 Sirmium,
255 1997 432 2076 priusquam
455 1999 613 2061 biennium
636 2002 668 2061 in
691 1999 820 2079 imperio
842 1995 995 2076 expleret,
1019 2001 1126 2061 morbo

71 2103 231 2176 correptus
254 2098 377 2160 interiit.
423 2099 549 2170 Claudio
577 2107 714 2177 mortuo,
743 2097 909 2173 Quintillus
938 2096 1032 2159 frater
1059 2101 1126 2179 ejus

71 2198 111 2260 ab
135 2197 273 2258 exercitu
295 2196 462 2276 Imperator
483 2198 617 2276 electus,
647 2202 695 2261 vir
724 2199 847 2278 quidem
874 2197 985 2257 unicae
1015 2196 1126 2259 mode-

72 2299 199 2359 rationis
221 2303 253 2358 ct
275 2295 358 2358 solus
380 2293 466 2358 fratri
486 2297 717 2376 praeferendus,
740 2293 990 2376 septimodecimo
1005 2294 1128 2376 lmperii

72 2398 124 2460 die
147 2394 327 2458 interiectus
340 2401 404 2457 'est
448 2394 539 2457 Anno
561 2397 599 2456 ab
621 2397 703 2462 Urbe
726 2395 847 2456 condita
869 2393 1028 2471 dlxxvii,
1055 2396 1127 2457 Au-

71 2497 220 2572 relianus,
235 2495 513 2574 -vigesimusnonus
535 2497 696 2574 imperium
719 2494 856 2571 adeptus,
880 2495 1017 2572 quinque
1041 2491 1128 2577 [522]

71 2597 163 2659 annis
179 2601 211 2656 et
225 2611 282 2656 scx
297 2593 453 2655 mensibus
469 2596 578 2671 tenuit,
601 2595 649 2655 vir
664 2593 813 2655 industria
828 2591 951 2653 militari
966 2594 1128 2656 excellen-

72 2696 219 2758 tissimus.
255 2692 458 2770 Expeditione
480 2693 511 2754 in
528 2693 702 2756 Danubium
717 2699 859 2772 suscepta
875 2690 991 2753 Gothos
1013 2696 1130 2775 magnis

73 2793 199 2877 praeliis
221 2791 402 2873 profligavit,
426 2793 635 2873 ditionemque
649 2793 814 2854 Romanam
837 2791 970 2870 antiquis
993 2795 1131 2855 terminis

74 2895 189 2958 statuit.
235 2891 310 2954 Inde
333 2893 364 2953 in
387 2892 545 2955 Orientem
568 2909 737 2956 conversus
759 2885 949 2967 Zenobiam‚'
969 2908 1049 2971 quae
1072 2910 1130 2954 oo-

76 2997 142 3056 ciso
164 2994 303 3077 Odenato
325 2993 433 3053 marito
454 2981 512 3054 suo
535 2992 653 3071 Syriam
676 2999 830 3071 receptam
858 2991 917 3052 sibi
946 2991 1132 3072 vindicabat,

77 3095 175 3176 magis
195 3091 304 3171 praelii
325 3097 443 3153 terrore
472 3110 562 3171 quarn
592 3093 708 3172 praelio
736 3094 768 3154 in
795 3097 974 3172 potestatem
1003 3093 1133 3173 redegit.

77 3195 248 3269 Tetricum,
277 3190 309 3252 in
333 3189 428 3252 Gallia
451 3192 576 3253 minime
598 3191 802 3254 sufficientem
825 3190 978 3252 sustinere
1000 3190 1132 3253 seditio-

78 3312 136 3358 nes
159 3293 286 3354 militum
309 3307 451 3368 suorum,
473 3291 722 3371 scribentemque
746 3291 853 3352 etiam:
945 3297 947 3300 ’

328 3389 441 3472 Eripe
461 3409 516 3454 me
535 3389 601 3468 bis,
623 3391 758 3466 invicte,
780 3389 890 3466 malla,

80 3512 117 3556 ac
139 3510 194 3571 per
214 3491 273 3552 boc
294 3485 480 3572 proditorem
503 3491 658 3551 exercilus
681 3487 740 3567 sni,
763 3490 830 3551 sine
850 3487 955 3552 labore
970 3491 1135 3569 superavit.

83 3594 134 3658 Sic
152 3592 287 3654 Orientis
310 3599 341 3653 et
362 3591 526 3673 Aquilonis
548 3596 691 3671 receptor
713 3606 821 3672 magna
843 3589 941 3671 gloria
963 3587 1135 3668 triumpha·

82 3695 142 3754 vit:
178 3691 285 3754 urbem
315 3691 440 3754 Romam
470 3692 564 3753 muris
591 3689 777 3753 firmioribus
805 3689 909 3752 cinxit.
952 3685 1135 3765 Novissime,

83 3811 153 3856 cum
176 3793 421 3872 persecutionem
443 3792 591 3854 adversus
614 3790 802 3854 Christianos
824 3788 875 3867 agi
902 3802 1002 3848 nonus
1028 3786 1135 3848 aNe-

82 3911 160 3956 rone
183 3892 379 3970 decerneret,
405 3891 522 3952 lulmen
544 3897 615 3951 ante
636 3908 708 3970 eum
731 3903 841 3968 magno
862 3901 976 3965 pavore
998 3884 1136 3948 circum-

83 3992 230 4056 stantium
250 3993 322 4069 ruit,
344 4007 380 4053 ac
402 4007 465 4052 non
487 3989 581 4050 multo
604 3994 672 4069 post
693 3989 726 4052 in
747 3987 859 4050 itinere
881 3984 1001 4048 occisus
1024 3992 1080 4048 est.

952 4100 984 4150 to
