2634 4434
545 257 553 275 '
607 286 810 395 ...2223-

116 502 120 507 ’
172 530 308 590 aeterne
334 522 483 599 servitus,
517 528 570 585 eut
597 536 679 585 mors
707 518 843 597 omnium
869 522 1086 598 consequatur.
1130 517 1252 599 ltaque

183 620 275 697 [tot]
295 620 413 702 absque
436 640 474 685 eo
496 632 636 699 numero,
659 638 752 705 quem
773 618 925 681 inlinitum
944 626 1016 680 autc
1031 624 1248 695 contraxerat,

183 724 321 803 equitnm
349 723 474 788 circiter
505 730 575 785 octo
608 722 718 798 millia,
752 720 889 800 peditum
916 720 1050 781 ducenta
1076 720 1247 799 quinqua-

63 899 65 903 ·
182 823 266 905 ginta
284 822 378 885 millia
394 829 548 885 contracta
564 830 643 886 suut.
680 822 799 885 Dehinc
821 820 884 883 duo
905 820 1001 881 colles
1023 818 1083 881 sibi
1104 819 1248 880 invicem

182 922 331 984 obversos
357 921 485 983 Romani
512 918 554 984 oa
582 923 653 1003 ‘que
687 928 846 1001 ceperunt.
890 920 978 982 Unde
1011 919 1113 980 multis
1146 937 1251 999 saepe

183 1023 396 1102 eruptionibus
418 1028 449 1083 et
471 1022 547 1082 varii
586 1022 786 1102 proventibus
809 1020 1004 1101 praeliantes,
1028 1019 1150 1081 taudem
1173 1020 1247 1081 Ro-

183 1125 265 1186 mani
287 1124 450 1203 praecipua
466 1120 684 1183 Germanorum
708 1121 857 1200 equitum,
880 1137 958 1200 quos
981 1121 1041 1183 sibi
1058 1119 1247 1201 jamdudum

183 1224 298 1286 amicos
321 1240 403 1283 nunc
426 1224 457 1285 in
473 1223 619 1285 auxilium
636 1222 821 1297 acciverant,
837 1222 951 1283 virtute
966 1222 1117 1283 vicerunt.
1154 1219 1246 1281 Ver-

184 1322 357 1405 cingetorix
378 1322 437 1383 ulia
452 1322 502 1384 die
518 1322 713 1403 congregatis
729 1322 881 1398 omnibus,
904 1322 958 1400 qui
976 1320 1048 1401 fuga
1065 1328 1245 1398 evaseruut,

184 1420 261 1484 dixit
282 1440 317 1484 se
339 1429 495 1483 auctorem
518 1422 597 1484 bona
620 1420 680 1483 lide
708 1419 922 1483 detendendae
950 1420 1116 1497 libertatis,
1145 1428 1245 1502 atque

182 1521 345 1601 rumpendi
367 1520 502 1585 foederis
525 1521 621 1585 luisse
649 1528 682 1583 et
709 1539 806 1599 nuuc,
836 1522 904 1583 sive
929 1520 1075 1583 Romanis
1102 1538 1174 1583 sese
1203 1522 1244 1582 ad

183 1628 311 1711 mortem
334 1640 443 1686 omnes
464 1623 610 1701 oderant,
637 1624 705 1685 sive
733 1640 768 1685 se
795 1623 895 1685 solum
924 1640 979 1702 pro
1006 1621 1243 1718 omnibus‘de-

183 1722 265 1799 daut,
288 1729 425 1805 paratum
448 1724 647 1787 animatore.
691 1723 800 1804 ltuque
822 1722 899 1785 Galli
921 1722 1121 1799 voluntatem,
1147 1739 1243 1801 quam

181 1823 299 1903 pudore
321 1824 499 1905 aliquandiu
522 1832 679 1901 texerant,
709 1824 797 1904 quasi
824 1842 864 1887 ex
885 1823 1017 1885 consilio
1037 1824 1120 1903 regis
1140 1822 1243 1883 adsu-

183 1930 314 2001 merent,
337 1924 409 1987 ilico
431 1925 489 1987 sibi
511 1926 634 1989 veniam
657 1930 828 2005 precantes,
855 1941 926 1988 eum
947 1924 1047 1989 solum
1068 1923 1155 1984 uelut
1177 1940 1242 1983 eu-

185 2030 299 2091 etorem
316 2026 417 2106 magui
433 2024 560 2087 sceleris
576 2025 770 2090 dediderunt
802 2023 958 2087 Bellovaci
972 2024 1114 2087 omnibus
1130 2021 1241 2085 Gallo-

183 2142 251 2187 rum
274 2124 420 2208 gentibus
447 2126 581 2205 ipsorum
611 2125 758 2207 opinione
786 2122 931 2190 fortiores
957 2125 1157 2189 habebantur.
1202 2121 1243 2183 lli

186 2220 300 2286 Correo
326 2224 406 2289 duce
432 2225 548 2289 bellum
576 2226 763 2313 instaurant,
789 2226 913 2306 sibique
940 2227 973 2288 in
998 2226 1077 2287 banc
1103 2222 1243 2301 suscepti

186 2318 272 2407 [405]
300 2325 374 2387 belli
397 2328 575 2389 societntem
598 2328 778 2404 Ambianos,
799 2325 961 2403 Aulercos,
985 2326 1116 2401 Caletos,
1138 2323 1243 2384 Velo-

185 2440 302 2502 casses,
324 2425 551 2508 Atrebatesque
574 2429 768 2509 conjungunt
788 2434 821 2489 et
847 2428 948 2489 lucum
976 2426 1138 2507 quemdam
1165 2424 1243 2485 cin-

185 2530 267 2585 ctum
290 2532 383 2607 atque
406 2529 585 2609 impeditum
615 2530 756 2609 undique
783 2526 945 2607 paludibus
973 2530 1115 2607 capiunt:
1148 2542 1241 2586 com-

186 2624 341 2703 missoque
362 2627 479 2709 praelio
501 2647 646 2709 magnam.
663 2629 829 2700 Remorum
854 2646 994 2707 manum,
1017 2644 1098 2707 quae
1124 2626 1242 2689 auxilio

184 2720 331 2787 Romanis
361 2736 445 2807 erat,
478 2730 642 2797 trucidant.
691 2729 811 2792 Deinde
844 2746 913 2791 cum
946 2734 1153 2809 opportunum
1181 2725 1242 2804 ipsi

187 2821 287 2885 locum
311 2826 430 2893 insidiis
452 2831 608 2909 provisum
631 2836 850 2913 occupassent,
878 2837 972 2909 atque
997 2828 1058 2890 boc
1084 2832 1241 2906 comperto

185 2920 315 2989 Romani
336 2929 375 2990 ad
393 2930 573 2995 insidiarum
588 2929 690 2990 locum
706 2930 848 2992 instructi
863 2930 1058 3009 ordinatique
1071 2928 1242 3002 venisseut,

186 3028 490 3107 commissopreelio
510 3027 639 3092 Romani
662 3027 765 3094 Gallos
786 3029 942 3111 fugientes
964 3030 1081 3091 eisdem
1103 3028 1241 3089 locorum

187 3125 425 3207 munitionibus,
448 3128 560 3210 quibus
582 3130 679 3193 clausi
700 3130 839 3210 fueraut,
862 3132 1069 3207 incluserunt,
1092 3134 1240 3191 cunctos-

188 3243 249 3305 que
271 3227 310 3289 ad
332 3229 575 3294 internecionem
599 3232 806 3296 caeciderunt.
843 3231 888 3293 lbi
911 3231 1043 3292 Correus
1065 3229 1117 3291 vel
1139 3226 1242 3307 lugam

188 3326 239 3387 vel
266 3329 453 3395 deditionem
484 3333 660 3395 detrectans
690 3333 858 3410 Romanos,
892 3338 926 3392 ut
953 3331 1044 3393 vivus
1070 3334 1242 3409 caperetur,

188 3426 339 3491 instantes
372 3434 558 3512 occidendo,
590 3441 624 3496 ut
657 3434 867 3510 occideretur,
895 3432 1007 3512 coigit
1050 3430 1147 3512 lgitur
1173 3422 1242 3489 cum

188 3534 324 3605 pacatam
355 3549 425 3595 esse
454 3535 629 3597 uuiversum
658 3533 787 3597 Galliam
814 3532 941 3608 Caesar,
969 3548 1073 3611 neque
1102 3545 1242 3594 ausurum

190 3622 276 3711 [406]
299 3628 366 3699 tore
388 3633 426 3698 ad
447 3634 567 3715 aliquos
587 3635 742 3715 adspirare
758 3642 859 3696 motus
872 3633 1083 3708 arbitraretur,
1105 3630 1243 3710 legiones

188 3727 221 3787 in
243 3730 371 3795 hiberna
395 3734 522 3796 dimisit:
555 3735 620 3814 ipse
648 3741 750 3795 autem
779 3732 967 3815 Ambiorigis
995 3731 1089 3808 lines,
1119 3729 1173 3810 qui
1199 3734 1244 3789 tot

191 3826 270 3895 belle
293 3835 498 3910 excitaverat,
527 3833 680 3895 horrenda
708 3832 865 3893 bominum
892 3840 995 3914 strage
1023 3831 1161 3894 vastavit.
1204 3828 1245 3889 At

190 3942 265 3987 vero
291 3930 322 3992 G.
351 3933 496 3995 Caninius
524 3932 643 4012 legatus
677 3931 791 3993 bellum
823 3932 904 4013 apud
937 3933 1076 3995 Pictones
1109 3930 1243 4003 iuueuit;
