2634 4434
697 301 746 372 52

196 538 289 602 Jonas
317 537 441 619 (quibus
468 538 539 600 dum
568 537 717 600 auxilium
744 538 905 617 superiore
931 537 1015 599 bello
1040 537 1183 618 praebet,
1216 539 1247 603 in

199 657 234 702 se
254 640 414 702 Persarum
437 640 582 719 impetum
605 638 752 719 verterat)
775 639 807 700 in
827 638 974 700 auxilium
997 637 1108 701 Xerxis
1127 641 1246 702 instru-

120 795 122 800 .
197 745 276 804 ctam
301 739 429 802 classem
444 739 611 816 deducere,
633 739 800 802 sollicitare
821 755 876 801 eos
897 740 975 819 parti
997 757 1085 817 suae,
1105 738 1248 821 hostique

195 839 376 902 subtrahere
398 839 511 901 statuit.
554 837 602 917 Et,
626 841 698 919 quia
712 839 910 920 colloquendi
924 838 1053 903 facultas
1068 840 1249 921 negabatur,

195 938 288 1018 loeis,
318 939 430 1020 quibus
451 937 546 1004 Jonas
568 943 724 1003 accessuri
747 941 877 1004 navibus
899 940 1098 1018 videbantur,
1121 943 1249 1021 proponi

195 1040 366 1122 symbolos,
389 1041 534 1120 saxisque
556 1041 648 1124 adfigi
666 1042 773 1124 jubet,
795 1042 896 1105 socios
919 1042 1070 1121 quondam
1094 1049 1126 1104 et
1147 1043 1248 1122 parti-

196 1141 280 1220 cipes
302 1140 524 1222 periculorum,
547 1158 630 1204 nune
657 1149 758 1204 autern
787 1143 901 1224 injuste
927 1149 1071 1223 agentes,
1098 1149 1166 1221 apta
1195 1143 1249 1205 in-

196 1244 373 1322 crepatione
396 1243 583 1322 corripiens,
606 1250 700 1323 atque
722 1243 760 1305 ad
782 1230 977 1323 antiquorum
995 1243 1066 1322 jura
1089 1241 1249 1304 foederum

196 1336 287 1417 [113]
309 1342 455 1424 religiosa
478 1342 689 1405 adhortatione
710 1343 915 1424 persuadens:
939 1345 1167 1423 praecipueque
1188 1343 1249 1404 ud·

196 1459 340 1519 monens,
374 1445 419 1504 uti
446 1445 612 1505 ‘commisso
645 1444 761 1523 praelio
789 1444 965 1506 cadentium
993 1445 1062 1504 vice
1090 1443 1251 1506 inhibeant

194 1559 307 1624 remos,
329 1561 462 1623 seseque
485 1544 566 1606 bello
589 1543 737 1607 auferant.
769 1544 867 1625 lgitur
888 1544 964 1622 Rex,
987 1551 1105 1631 partem
1124 1546 1251 1605 navium

195 1641 255 1705 sibi
282 1642 441 1728 detinens,
473 1653 626 1726 spectator
653 1664 776 1727 pugnae
805 1647 836 1707 in
865 1646 954 1707 litore
982 1652 1096 1706 manet:
1138 1644 1252 1706 Contra

195 1749 298 1805 autem
325 1744 536 1827 Artemidoro,
568 1747 678 1826 regina
699 1745 920 1820 Halicarnassi,
943 1760 1024 1822 quae
1045 1745 1078 1804 in
1099 1744 1252 1806 auxilium

194 1843 291 1906 Xerxi
312 1851 449 1919 venerat,
473 1845 554 1904 inter
574 1846 688 1923 primos
710 1845 806 1905 duces
826 1844 975 1905 acerrime
990 1841 1073 1903 bello
1087 1842 1251 1906 immisce-

195 1952 263 2031 tur,
286 1943 327 2004 ita
350 1949 385 2004 ut
403 1960 494 2026 ¹versa
517 1945 587 2005 vice
610 1945 640 2005 in
664 1944 731 2004 viro
754 1943 887 2005 feminea
914 1941 1050 2020 cautela,
1080 1943 1113 2003 in
1134 1941 1255 2007 femina

86 2085 92 2088 -
195 2044 293 2106 virilis
315 2042 442 2105 audacia
465 2051 664 2123 spectaretur.
702 2042 776 2105 Cum
793 2050 894 2106 autem
910 2059 1022 2122 anceps
1037 2061 1140 2124 pugna
1156 2053 1253 2121 esset,

193 2143 299 2222 Jones,
317 2145 406 2225 juxta
425 2149 620 2223 praeceptum
635 2143 857 2222 Themistoclis,
880 2143 1024 2224 paulatim
1038 2161 1074 2206 se
1088 2146 1253 2206 certamini

75 2235 81 2246 ¹
195 2243 376 2308 subtrahere
399 2249 582 2323 coeperunt:
608 2262 738 2326 quorum
761 2244 895 2308 defectio
916 2245 1040 2322 Persas,
1057 2245 1120 2325 jam
1144 2242 1251 2324 fugam

195 2345 494 2424 circumspicientes,
523 2353 628 2426 aperte
657 2345 766 2428 fugere
793 2346 953 2426 persuasit.
996 2344 1031 2405 ln
1059 2363 1118 2424 qua
1146 2347 1250 2425 trepi-

195 2445 317 2509 datione
333 2444 446 2508 multae
462 2461 557 2507 naves
576 2463 695 2509 mersae
717 2454 886 2527 captaeque
908 2452 996 2521 sunt3
1020 2444 1123 2525 plures
1145 2451 1251 2506 hmcn

194 2547 353 2609 saevitiam
375 2547 468 2628 regis,
491 2545 578 2607 velut
599 2547 807 2608 inmanitatem
830 2544 926 2608 hostis
949 2546 1100 2622 timentes,
1123 2545 1250 2606 domum

195 2645 380 2708 dilabuntur.
423 2646 559 2707 Anxium
582 2651 627 2706 tot
650 2646 736 2707 malis
760 2663 868 2726 regern
895 2644 1071 2708 Mardonius
1097 2645 1248 2725 adgredi-

194 2755 255 2824 tur,
277 2746 421 2826 suadens,
443 2757 549 2827 regem
570 2746 602 2806 in
617 2762 748 2826 regnum
763 2746 866 2808 redire
881 2753 1034 2825 oportere,
1057 2746 1140 2826 prius
1155 2763 1250 2824 quarn

194 2847 323 2910 advorsa
349 2845 428 2909 fama
456 2862 552 2907 novas
585 2863 635 2907 res
668 2845 751 2907 domi
783 2846 949 2908 moliretur.
994 2846 1035 2908 Se
1066 2852 1187 2923 autem,
1220 2847 1250 2907 si

193 2947 337 3009 residuae
366 2946 426 3009 sibi
459 2947 565 3026 copiae
598 2946 807 3024 traderentur,
841 2953 872 3008 et
903 2940 1052 3008 ultionem
1086 2944 1125 3007 ab
1158 2944 1249 3008 hoste

194 3053 385 3124 exacturum,
408 3053 440 3108 et
461 3047 658 3128 ignominiam
682 3047 877 3111 domesticam
898 3046 1160 3126 propulsaturum
1183 3052 1248 3123 aut,

193 3148 220 3210 si
242 3146 370 3208 adversa
392 3146 466 3209 belli
488 3156 748 3227 perseverassent,
770 3165 929 3211 cessurum
951 3164 986 3208 se
1008 3147 1133 3227 quidem
1154 3146 1249 3222 hosti,

193 3247 248 3310 sed
271 3254 372 3309 tamen
395 3248 462 3309 sine
483 3249 566 3329 regis
586 3245 724 3312 infamia.
766 3246 894 3309 Probato
917 3247 1063 3324 consilio,
1090 3249 1250 3309 exercitus

193 3346 351 3410 hlardonio
373 3347 509 3431 traditur.
544 3348 611 3412 Rex
633 3349 787 3429 Abydum,
807 3348 862 3409 ubi
883 3354 1007 3427 pontem
1028 3347 1126 3408 veluti
1148 3348 1250 3409 victor

194 3449 285 3509 maris
301 3456 509 3528 conseruerat,
533 3469 600 3512 cum
617 3449 722 3529 paucis
738 3447 947 3526 proficiscitur.
985 3446 1047 3510 Sed
1069 3465 1139 3509 oum
1162 3465 1248 3526 pon·
1311 3500 1312 3519 ,

194 3555 256 3611 tem
278 3547 415 3610 hibernis
430 3548 661 3628 tempestatibus
676 3548 856 3609 dissolutum
872 3547 1061 3625 offendisset,
1084 3548 1250 3627 piscatoria
1311 3622 1312 3643 ξ

194 3645 279 3732 [114]
313 3648 423 3729 scapha
452 3649 589 3727 trepidus
619 3648 735 3711 transit.
777 3647 850 3709 Erat
881 3666 956 3710 sane
989 3648 1072 3728 quod
1106 3654 1249 3728 spectare
1311 3654 1312 3719 1

192 3749 357 3812 humanum
369 3764 469 3830 genus
481 3753 512 3808 et
524 3745 629 3808 dolere
641 3746 793 3826 debuerit,
806 3749 990 3811 mutationes
1004 3766 1107 3811 rerum
1123 3747 1182 3810 hac
1195 3746 1250 3809 vel

193 3847 682 3925 maximevarietatapermetiens,
690 3849 989 3931 exiguocontentum
1001 3849 1098 3911 latere
1109 3848 1248 3928 navigio,
1311 3910 1312 3913 ,

192 3949 249 4014 suh
266 3966 327 4030 quo
343 3949 442 4026 ipsum
463 3945 590 4028 pelagus
613 3954 685 4012 ante
707 3949 856 4029 latuisset,
880 3957 912 4012 et
928 3952 1040 4031 Jugum
1062 3949 1249 4030 captivitatis
