2634 4434
671 312 744 382 264

603 414 810 425 ...-..----—·

184 557 255 620 dem
276 552 516 632 conspiratorum
539 548 791 622 instimularetur,
814 543 955 604 ultronea
971 537 1136 600 clementia
1153 533 1243 596 nullo

184 660 349 736 expetente
377 652 514 714 firmavit.
559 649 681 712 Accidit
713 647 803 708 etiam
838 643 947 704 eodem
976 646 1113 718 tempore
1141 653 1241 716 prae·

184 756 281 820 sentis
302 754 419 835 gratiae
441 753 498 814 Dei
520 751 637 834 grande
660 746 851 820 miraculum,
874 740 1025 822 siquidem
1048 737 1158 798 Furius
1176 734 1241 796 Ca-

66 851 70 857 ’
184 855 286 916 millus
302 854 531 928 Scribonianus,
547 851 714 913 Dalmatiae
737 848 866 928 legatus,
891 841 1003 904 bellum
1028 837 1119 899 civile
1142 835 1240 900 moli-

184 963 245 1032 tus,
268 953 408 1034 legiones
430 953 539 1015 multas
562 951 804 1026 fortissimasque
826 945 863 1007 ad
886 938 1069 1006 sacramenti
1088 936 1241 998 mutatio-

185 1073 256 1116 nem
279 1053 456 1134 pellexerat.
493 1053 600 1132 ltaque
623 1051 673 1112 die
697 1049 788 1122 dicto,
812 1052 846 1106 ut
869 1046 1017 1105 inunum
1040 1037 1180 1116 undique
1200 1033 1242 1095 ad

138 1193 142 1196 -
187 1152 278 1230 [468]
300 1170 414 1215 novum
430 1152 646 1232 Imperatorem
662 1147 890 1222 conveniretur,
913 1159 1015 1221 noque
1038 1137 1160 1217 aquilae
1183 1149 1241 1194 or-

186 1255 269 1332 nari,
292 1271 395 1334 neque
424 1252 557 1315 convelli
585 1248 802 1332 quoquomodo
824 1246 911 1325 signa
940 1241 1096 1302 moverive
1123 1243 1241 1316 potue-

186 1360 266 1416 runt.
303 1353 466 1415 Exercitus
488 1358 570 1413 tanta
594 1359 625 1413 et
647 1358 707 1412 tam
730 1347 873 1410 inusitata
897 1339 1035 1404 miraculi
1057 1337 1118 1398 lide
1139 1342 1242 1396 motus

187 1461 219 1514 et
241 1469 410 1514 conversus
432 1454 464 1513 in
486 1451 722 1531 poenitentiam,
753 1445 986 1511 Scribonianum
1009 1439 1117 1520 quinto
1139 1434 1243 1498 statim

188 1552 239 1614 die
261 1553 439 1614 destitutum
461 1550 627 1629 interfecit,
653 1567 786 1629 seseque
809 1549 999 1608 sacramento
1022 1538 1131 1621 prioris
1154 1534 1242 1596 mili-

187 1653 249 1714 tiae
277 1653 435 1715 continuit.
479 1652 607 1714 'l'ristius
634 1669 671 1712 ac
698 1646 900 1731 perniciosius
928 1642 997 1704 urbi
1023 1640 1137 1701 Romae
1164 1633 1244 1696 nibil

187 1771 322 1832 unquam
339 1751 559 1832 luisse,'quam
582 1752 663 1813 bella
686 1749 799 1827 civilia,
820 1739 893 1810 satis
917 1749 1021 1804 uotum
1045 1745 1100 1801 est.
1133 1735 1244 1815 ltaque

189 1860 314 1933 propter
343 1853 507 1914 adventum
531 1851 671 1932 Apostoli
699 1849 779 1911 Petri
808 1855 839 1910 et
866 1854 972 1908 tenera
1002 1838 1244 1901 Christianorum

188 1954 344 2032 germina,
372 1953 497 2013 vixdum
525 1952 624 2014 adbuc
651 1969 747 2031 pauca
770 1949 807 2010 ad
830 1952 953 2010 sanotae
975 1940 1046 2002 fidei
1067 1935 1244 2018 professio-

188 2069 259 2113 nem
287 2053 495 2130 erumpentia,
522 2052 600 2113 hane
623 2050 814 2112 exorientem
837 2042 1029 2126 tyrannidem
1052 2045 1085 2100 et
1105 2053 1245 2100 consur-

189 2169 267 2234 gens
295 2152 376 2213 istud
403 2151 495 2213 civile
521 2152 635 2214 bellum
671 2156 764 2230 neget
796 2149 957 2228 quisquam
991 2139 1138 2202 divinitus
1172 2155 1248 2199 esse

190 2253 421 2333 compressum?
450 2253 525 2326 Quis
546 2251 720 2332 praeteritis
743 2246 930 2327 temporibus
952 2243 991 2308 de
1013 2237 1248 2318 compressione

189 2351 341 2414 bellorum
357 2353 492 2414 civilium
508 2353 608 2416 simile
623 2350 758 2432 probarit
773 2339 966 2425 exemplum‘t
980 2339 1122 2403 Claudius
1135 2343 1250 2417 quarto

191 2453 313 2532 imperii
334 2453 383 2514 sui
405 2471 496 2529 anno,
519 2455 648 2532 cupiens
670 2469 704 2514 se
726 2449 834 2512 utilem'
847 2443 966 2524 reipub.
983 2446 1138 2504 ostentare
1152 2437 1248 2516 prin-

192 2554 308 2632 cipem,
338 2552 452 2615 bellum
480 2555 597 2634 ubique
619 2559 651 2613 et
672 2551 831 2613 victoriam
853 2545 1061 2622 undecunque
1083 2537 1251 2619 quaesivit.

192 2651 300 2731 ltaque
327 2654 555 2732 expeditionem
583 2655 615 2714 in
640 2649 827 2713 Britanniam
856 2646 967 2720 movit,
1000 2658 1081 2721 quae
1114 2637 1251 2700 excitata

194 2753 227 2812 in
249 2752 411 2814 tumultum
433 2762 559 2834 propter
579 2771 642 2816 non
670 2748 838 2815 redhibitos
868 2741 1040 2822 transfugas
1068 2738 1249 2810 videbatur;

194 2859 450 2933 transvectusque
478 2854 509 2915 in
537 2854 667 2916 insulam
696 2859 758 2928 est,
786 2865 877 2929 quam
905 2859 1007 2924 neque
1034 2847 1106 2903 aute
1131 2837 1251 2900 lulium

195 2952 374 3027 Caesarem,
401 2968 504 3031 neque
532 2959 600 3030 post
627 2970 697 3012 enm
728 2951 888 3028 quisquam
917 2945 1001 3006 adire
1024 2956 1116 3009 ausus
1139 2936 1251 2999 fuerat.

195 3048 314 3130 lbique,
330 3057 365 3112 ut
378 3050 481 3112 verbis
497 3051 639 3115 Suetonii
652 3048 822 3129 Tranquilli
837 3046 955 3126 loquar,
971 3044 1039 3105 sine
1054 3039 1117 3102 ullo
1132 3036 1254 3118 praelio

196 3169 232 3213 ac
253 3152 405 3232 sanguine
427 3154 506 3215 intra
528 3152 728 3233 paucissimos
751 3150 816 3211 dies
838 3147 998 3227 plurimam
1026 3139 1145 3203 insulae
1172 3153 1254 3216 par-

196 3259 258 3313 tem
292 3253 324 3314 in
357 3253 544 3315 deditionem
577 3252 703 3333 recepit.
747 3247 881 3312 Orcadas
908 3247 999 3306 etiam
1027 3238 1143 3302 insulas
1169 3235 1256 3298 ultra

197 3352 383 3414 Britanniam
406 3355 437 3415 in
460 3353 585 3415 Oceano
606 3353 720 3432 positas
742 3351 878 3412 Romano
900 3343 1012 3426 adjecit
1039 3338 1186 3419 imperio,
1216 3354 1257 3398 ac

198 3458 298 3529 sexto,
321 3470 411 3532 quam
433 3452 590 3532 profectus
612 3458 688 3530 erat,
711 3466 816 3514 mense
838 3447 962 3508 Romam
984 3443 1085 3504 rediit.
1131 3434 1256 3498 Confe-

198 3560 284 3614 ratur
311 3571 409 3631 nunc,
438 3555 464 3615 si
486 3555 629 3633 cuiquam
651 3553 766 3632 placet,
789 3548 846 3612 sub
868 3563 931 3607 una
953 3542 1052 3605 insula
1078 3547 1199 3620 tempus
1223 3543 1260 3596 et

200 3649 288 3736 [469]
318 3662 453 3734 tempus,
482 3653 596 3716 bellum
620 3660 651 3715 et
673 3650 803 3728 bellum,
827 3648 938 3710 Caesar
960 3650 992 3706 et
1014 3641 1134 3702 Caesar.
1177 3635 1260 3697 Nam

200 3757 239 3819 de
266 3753 327 3815 line
356 3755 432 3816 nibil
459 3753 601 3816 consero:
637 3751 780 3830 quoniam
813 3747 872 3808 boe
904 3742 1081 3806 felicissima
1113 3736 1260 3814 victoria,

202 3854 278 3915 illud
298 3853 495 3916 acerbissima
516 3851 620 3913 clades
642 3849 716 3911 fuit:
746 3855 778 3909 ot
802 3847 848 3909 sic
869 3844 992 3906 demum
1013 3841 1109 3903 Romo
1131 3854 1260 3918 cogno-

202 3958 283 4027 scat,
316 3970 372 4030 per
404 3955 470 4030 ejus
498 3951 644 4012 latentem
672 3945 894 4027 providentiam
921 3944 954 4004 in
984 3939 1135 4022 augendis
1163 3936 1262 4000 rebus
