<?xml version="1.0" encoding="UTF-8"?>
<!DOCTYPE html PUBLIC "-//W3C//DTD XHTML 1.0 Transitional//EN"
    "http://www.w3.org/TR/xhtml1/DTD/xhtml1-transitional.dtd">
<html xmlns="http://www.w3.org/1999/xhtml" xml:lang="en" lang="en">
 <head>
  <title>
</title>
<meta http-equiv="Content-Type" content="text/html;charset=utf-8" />
  <meta name='ocr-system' content='tesseract 3.04.00' />
  <meta name='ocr-capabilities' content='ocr_page ocr_carea ocr_par ocr_line ocrx_word'/>
</head>
<body>
  <div class='ocr_page' id='page_1' title='image "./pauliorosiipres00havegoog_0261.png"; bbox 0 0 2634 4434; ppageno 0'>
   <div class='ocr_carea' id='block_1_1' title="bbox 629 304 836 416">
    <p class='ocr_par' dir='ltr' id='par_1_1' title="bbox 629 304 836 416">
     <span class='ocr_line' id='line_1_1' title="bbox 629 304 836 416; baseline 0 -40"><span class='ocrx_word' id='word_1_1' title='bbox 629 304 836 416; x_wconf 46' lang='lat' dir='ltr'>Q</span> 
     </span>
    </p>
   </div>
   <div class='ocr_carea' id='block_1_2' title="bbox 4 539 1314 3758">
    <p class='ocr_par' dir='ltr' id='par_1_2' title="bbox 29 539 1267 730">
     <span class='ocr_line' id='line_1_2' title="bbox 208 539 1267 628; baseline -0.003 -21"><span class='ocrx_word' id='word_1_2' title='bbox 208 546 380 628; x_wconf 83' lang='lat' dir='ltr'>dragesimo</span> <span class='ocrx_word' id='word_1_3' title='bbox 403 550 522 620; x_wconf 88' lang='lat' dir='ltr'>octavo,</span> <span class='ocrx_word' id='word_1_4' title='bbox 545 543 623 604; x_wconf 85' lang='lat' dir='ltr'>odeo</span> <span class='ocrx_word' id='word_1_5' title='bbox 645 543 710 604; x_wconf 88' lang='lat' dir='ltr'>dira</span> <span class='ocrx_word' id='word_1_6' title='bbox 725 541 877 604; x_wconf 78' lang='lat' dir='ltr'>Romarms</span> <span class='ocrx_word' id='word_1_7' title='bbox 894 539 990 604; x_wconf 86' lang='lat' dir='ltr'>fames</span> <span class='ocrx_word' id='word_1_8' title='bbox 1014 549 1186 604; x_wconf 80' lang='lat' dir='ltr'>consecute</span> <span class='ocrx_word' id='word_1_9' title='bbox 1209 550 1267 620; x_wconf 87' lang='lat' dir='ltr'>est,</span> 
     </span>
     <span class='ocr_line' id='line_1_3' title="bbox 12 635 1265 750; baseline -0.003 -41.944"><span class='ocrx_word' id='word_1_10' title='bbox 12 680 132 731; x_wconf 40' lang='grc' dir='ltr'>Μ</span> <span class='ocrx_word' id='word_1_11' title='bbox 123 635 242 750; x_wconf 52' lang='lat' dir='ltr'>&#39;rt-&#39;2¹¹‘</span> <span class='ocrx_word' id='word_1_12' title='bbox 264 645 376 707; x_wconf 85' lang='lat' dir='ltr'>Caesar</span> <span class='ocrx_word' id='word_1_13' title='bbox 404 644 582 706; x_wconf 78' lang='lat' dir='ltr'>lanistarum</span> <span class='ocrx_word' id='word_1_14' title='bbox 609 640 739 706; x_wconf 80' lang='lat' dir='ltr'><strong>familias</strong></span> <span class='ocrx_word' id='word_1_15' title='bbox 767 660 936 722; x_wconf 89' lang='lat' dir='ltr'>omnesque</span> <span class='ocrx_word' id='word_1_16' title='bbox 965 643 1163 722; x_wconf 84' lang='lat' dir='ltr'>peregrinos,</span> <span class='ocrx_word' id='word_1_17' title='bbox 1194 660 1265 706; x_wconf 90' lang='lat' dir='ltr'>ser-</span> 
     </span>
    </p>

    <p class='ocr_par' dir='ltr' id='par_1_3' title="bbox 4 725 1314 2842">
     <span class='ocr_line' id='line_1_4' title="bbox 4 725 1265 834; baseline 0.002 -32"><span class='ocrx_word' id='word_1_18' title='bbox 4 725 15 734; x_wconf 47' lang='lat'><em>*</em></span> <span class='ocrx_word' id='word_1_19' title='bbox 77 756 133 802; x_wconf 56' lang='grc' dir='ltr'>ιι,</span> <span class='ocrx_word' id='word_1_20' title='bbox 207 764 314 808; x_wconf 91' lang='lat' dir='ltr'>vorum</span> <span class='ocrx_word' id='word_1_21' title='bbox 339 762 463 826; x_wconf 89' lang='lat' dir='ltr'>quoque</span> <span class='ocrx_word' id='word_1_22' title='bbox 485 747 632 807; x_wconf 79' lang='lat' dir='ltr'>maximas</span> <span class='ocrx_word' id='word_1_23' title='bbox 654 745 774 824; x_wconf 86' lang='lat' dir='ltr'>copias,</span> <span class='ocrx_word' id='word_1_24' title='bbox 803 743 940 834; x_wconf 88' lang='lat' dir='ltr'>exceptis</span> <span class='ocrx_word' id='word_1_25' title='bbox 962 743 1090 805; x_wconf 89' lang='lat' dir='ltr'>medicis</span> <span class='ocrx_word' id='word_1_26' title='bbox 1112 749 1146 804; x_wconf 88' lang='lat' dir='ltr'>et</span> <span class='ocrx_word' id='word_1_27' title='bbox 1168 761 1265 823; x_wconf 85' lang='lat' dir='ltr'>prae-</span> 
     </span>
     <span class='ocr_line' id='line_1_5' title="bbox 207 831 1314 930; baseline -0.004 -20"><span class='ocrx_word' id='word_1_28' title='bbox 207 847 399 927; x_wconf 87' lang='lat' dir='ltr'>ceptoribus,</span> <span class='ocrx_word' id='word_1_29' title='bbox 427 847 508 910; x_wconf 89' lang='lat' dir='ltr'>trudi</span> <span class='ocrx_word' id='word_1_30' title='bbox 534 845 616 908; x_wconf 85' lang='lat' dir='ltr'><strong>Urbe</strong></span> <span class='ocrx_word' id='word_1_31' title='bbox 642 845 885 930; x_wconf 83' lang='lat' dir='ltr'>praeceperit.</span> <span class='ocrx_word' id='word_1_32' title='bbox 864 831 930 906; x_wconf 61' lang='lat' dir='ltr'>‘lta</span> <span class='ocrx_word' id='word_1_33' title='bbox 953 849 1100 924; x_wconf 86' lang='lat' dir='ltr'>peccante</span> <span class='ocrx_word' id='word_1_34' title='bbox 1123 845 1266 924; x_wconf 85' lang='lat' dir='ltr'>principe</span> <span class='ocrx_word' id='word_1_35' title='bbox 1313 899 1314 906; x_wconf 74' lang='grc'>,</span> 
     </span>
     <span class='ocr_line' id='line_1_6' title="bbox 207 942 1314 1026; baseline -0.004 -16"><span class='ocrx_word' id='word_1_36' title='bbox 207 950 238 1010; x_wconf 90' lang='lat' dir='ltr'>in</span> <span class='ocrx_word' id='word_1_37' title='bbox 254 955 392 1009; x_wconf 89' lang='lat' dir='ltr'>sanctum</span> <span class='ocrx_word' id='word_1_38' title='bbox 407 947 466 1008; x_wconf 89' lang='lat' dir='ltr'>Dei</span> <span class='ocrx_word' id='word_1_39' title='bbox 486 954 517 1008; x_wconf 89' lang='lat' dir='ltr'>et</span> <span class='ocrx_word' id='word_1_40' title='bbox 539 953 681 1025; x_wconf 87' lang='lat' dir='ltr'>correpto</span> <span class='ocrx_word' id='word_1_41' title='bbox 703 961 758 1025; x_wconf 89' lang='lat' dir='ltr'>per</span> <span class='ocrx_word' id='word_1_42' title='bbox 780 942 890 1006; x_wconf 84' lang='lat' dir='ltr'>samem</span> <span class='ocrx_word' id='word_1_43' title='bbox 913 943 1037 1025; x_wconf 92' lang='lat' dir='ltr'>populo,</span> <span class='ocrx_word' id='word_1_44' title='bbox 1059 945 1264 1022; x_wconf 78' lang='lat' dir='ltr'>quantitatem</span> <span class='ocrx_word' id='word_1_45' title='bbox 1313 971 1314 1026; x_wconf 54' lang='grc' dir='ltr'>ι</span> 
     </span>
     <span class='ocr_line' id='line_1_7' title="bbox 207 1035 1314 1148; baseline -0.002 -38"><span class='ocrx_word' id='word_1_46' title='bbox 207 1048 387 1111; x_wconf 78' lang='lat' dir='ltr'>offensionis</span> <span class='ocrx_word' id='word_1_47' title='bbox 419 1047 550 1126; x_wconf 79' lang='lat' dir='ltr'>qualitas</span> <span class='ocrx_word' id='word_1_48' title='bbox 581 1047 708 1108; x_wconf 91' lang='lat' dir='ltr'>ultionis</span> <span class='ocrx_word' id='word_1_49' title='bbox 741 1035 902 1148; x_wconf 69' lang='lat' dir='ltr'>ostenditll</span> <span class='ocrx_word' id='word_1_50' title='bbox 926 1044 1061 1121; x_wconf 90' lang='lat' dir='ltr'>Deinde,</span> <span class='ocrx_word' id='word_1_51' title='bbox 1094 1051 1131 1105; x_wconf 94' lang='lat' dir='ltr'>ut</span> <span class='ocrx_word' id='word_1_52' title='bbox 1159 1045 1265 1107; x_wconf 87' lang='lat' dir='ltr'>verbis</span> <span class='ocrx_word' id='word_1_53' title='bbox 1313 1055 1314 1108; x_wconf 69' lang='lat' dir='ltr'>l</span> 
     </span>
     <span class='ocr_line' id='line_1_8' title="bbox 207 1131 1263 1230; baseline -0.001 -20"><span class='ocrx_word' id='word_1_54' title='bbox 207 1148 343 1210; x_wconf 78' lang='lat' dir='ltr'>Cornelii</span> <span class='ocrx_word' id='word_1_55' title='bbox 364 1148 460 1209; x_wconf 81' lang='lat' dir='ltr'>Taciti</span> <span class='ocrx_word' id='word_1_56' title='bbox 483 1148 606 1226; x_wconf 90' lang='lat' dir='ltr'>loquar,</span> <span class='ocrx_word' id='word_1_57' title='bbox 629 1163 716 1211; x_wconf 80' lang='lat' dir='ltr'>acne</span> <span class='ocrx_word' id='word_1_58' title='bbox 736 1131 895 1228; x_wconf 65' lang='lat' dir='ltr'>nicqueti</span> <span class='ocrx_word' id='word_1_59' title='bbox 861 1140 1036 1209; x_wconf 73' lang='lat' dir='ltr'>roanos</span> <span class='ocrx_word' id='word_1_60' title='bbox 1053 1139 1263 1230; x_wconf 74' lang='lat' dir='ltr'>patefactus,</span> 
     </span>
     <span class='ocr_line' id='line_1_9' title="bbox 207 1245 1265 1330; baseline -0.004 -16"><span class='ocrx_word' id='word_1_61' title='bbox 207 1251 289 1314; x_wconf 79' lang='lat' dir='ltr'>dum</span> <span class='ocrx_word' id='word_1_62' title='bbox 310 1249 405 1330; x_wconf 79' lang='lat' dir='ltr'>opud</span> <span class='ocrx_word' id='word_1_63' title='bbox 427 1250 604 1313; x_wconf 69' lang='lat' dir='ltr'>extremos</span> <span class='ocrx_word' id='word_1_64' title='bbox 625 1250 801 1312; x_wconf 84' lang='lat' dir='ltr'>terrorum</span> <span class='ocrx_word' id='word_1_65' title='bbox 824 1245 988 1310; x_wconf 77' lang='lat' dir='ltr'>terminos</span> <span class='ocrx_word' id='word_1_66' title='bbox 1010 1261 1122 1310; x_wconf 82' lang='lat' dir='ltr'>novoe</span> <span class='ocrx_word' id='word_1_67' title='bbox 1141 1248 1265 1328; x_wconf 84' lang='lat' dir='ltr'>pentec</span> 
     </span>
     <span class='ocr_line' id='line_1_10' title="bbox 207 1346 1314 1432; baseline -0.004 -18"><span class='ocrx_word' id='word_1_68' title='bbox 207 1367 314 1432; x_wconf 76' lang='lat' dir='ltr'>coepe</span> <span class='ocrx_word' id='word_1_69' title='bbox 335 1367 384 1414; x_wconf 78' lang='lat' dir='ltr'>cx</span> <span class='ocrx_word' id='word_1_70' title='bbox 403 1367 474 1414; x_wconf 75' lang='lat' dir='ltr'>uon</span> <span class='ocrx_word' id='word_1_71' title='bbox 502 1351 536 1412; x_wconf 88' lang='lat' dir='ltr'>et</span> <span class='ocrx_word' id='word_1_72' title='bbox 561 1349 747 1432; x_wconf 82' lang='lat' dir='ltr'>aliqnando</span> <span class='ocrx_word' id='word_1_73' title='bbox 775 1365 853 1414; x_wconf 84' lang='lat' dir='ltr'>cum</span> <span class='ocrx_word' id='word_1_74' title='bbox 880 1346 1005 1411; x_wconf 79' lang='lat' dir='ltr'>damno</span> <span class='ocrx_word' id='word_1_75' title='bbox 1031 1349 1314 1431; x_wconf 79' lang='lat' dir='ltr'>quoeromtur,</span> <span class='ocrx_word' id='word_1_76' title='bbox 1313 1395 1314 1398; x_wconf 63' lang='lat'>,</span> 
     </span>
     <span class='ocr_line' id='line_1_11' title="bbox 205 1447 1314 1534; baseline -0.006 -18"><span class='ocrx_word' id='word_1_77' title='bbox 205 1453 397 1534; x_wconf 72' lang='lat' dir='ltr'>namucno</span> <span class='ocrx_word' id='word_1_78' title='bbox 429 1447 642 1534; x_wconf 70' lang='lat' dir='ltr'>Veepananr</span> <span class='ocrx_word' id='word_1_79' title='bbox 674 1451 815 1515; x_wconf 80' lang='lat' dir='ltr'>duravit</span> <span class='ocrx_word' id='word_1_80' title='bbox 846 1449 1035 1532; x_wconf 71' lang='lat' dir='ltr'>importum</span> <span class='ocrx_word' id='word_1_81' title='bbox 1092 1447 1262 1528; x_wconf 85' lang='lat' dir='ltr'>Hucusque</span> <span class='ocrx_word' id='word_1_82' title='bbox 1313 1453 1314 1494; x_wconf 80' lang='lat' dir='ltr'>l</span> 
     </span>
     <span class='ocr_line' id='line_1_12' title="bbox 207 1536 1261 1640; baseline -0.003 -27"><span class='ocrx_word' id='word_1_83' title='bbox 207 1551 380 1614; x_wconf 82' lang='lat' dir='ltr'>Cornelius.</span> <span class='ocrx_word' id='word_1_84' title='bbox 405 1536 566 1640; x_wconf 80' lang='lat' dir='ltr'>[ceterum</span> <span class='ocrx_word' id='word_1_85' title='bbox 598 1559 630 1614; x_wconf 85' lang='lat' dir='ltr'>ct</span> <span class='ocrx_word' id='word_1_86' title='bbox 656 1560 731 1615; x_wconf 90' lang='lat' dir='ltr'>tunc</span> <span class='ocrx_word' id='word_1_87' title='bbox 758 1559 843 1632; x_wconf 86' lang='lat' dir='ltr'>capta</span> <span class='ocrx_word' id='word_1_88' title='bbox 871 1566 1043 1630; x_wconf 86' lang='lat' dir='ltr'>eversaque</span> <span class='ocrx_word' id='word_1_89' title='bbox 1070 1549 1154 1610; x_wconf 87' lang='lat' dir='ltr'>Urbe</span> <span class='ocrx_word' id='word_1_90' title='bbox 1184 1549 1261 1611; x_wconf 87' lang='lat' dir='ltr'>Hie-</span> 
     </span>
     <span class='ocr_line' id='line_1_13' title="bbox 205 1651 1261 1734; baseline -0.004 -19"><span class='ocrx_word' id='word_1_91' title='bbox 205 1652 446 1732; x_wconf 81' lang='lat' dir='ltr'>rosolymorum,</span> <span class='ocrx_word' id='word_1_92' title='bbox 469 1653 550 1715; x_wconf 89' lang='lat' dir='ltr'>sicut</span> <span class='ocrx_word' id='word_1_93' title='bbox 570 1653 738 1734; x_wconf 84' lang='lat' dir='ltr'>prophetoe</span> <span class='ocrx_word' id='word_1_94' title='bbox 760 1653 1069 1733; x_wconf 88' lang='lat' dir='ltr'>praenuntiaverunt,</span> <span class='ocrx_word' id='word_1_95' title='bbox 1093 1651 1261 1712; x_wconf 86' lang='lat' dir='ltr'>extinctis-</span> 
     </span>
     <span class='ocr_line' id='line_1_14' title="bbox 206 1751 1314 1834; baseline 0.001 -19"><span class='ocrx_word' id='word_1_96' title='bbox 206 1771 269 1834; x_wconf 88' lang='lat' dir='ltr'>que</span> <span class='ocrx_word' id='word_1_97' title='bbox 289 1752 426 1830; x_wconf 83' lang='lat' dir='ltr'>tudacis,</span> <span class='ocrx_word' id='word_1_98' title='bbox 448 1753 545 1831; x_wconf 84' lang='lat' dir='ltr'>Titus,</span> <span class='ocrx_word' id='word_1_99' title='bbox 568 1754 621 1833; x_wconf 95' lang='lat' dir='ltr'>qui</span> <span class='ocrx_word' id='word_1_100' title='bbox 644 1753 682 1816; x_wconf 90' lang='lat' dir='ltr'>ad</span> <span class='ocrx_word' id='word_1_101' title='bbox 703 1753 920 1815; x_wconf 89' lang='lat' dir='ltr'>vindicandum</span> <span class='ocrx_word' id='word_1_102' title='bbox 935 1751 1059 1813; x_wconf 85' lang='lat' dir='ltr'>Domini</span> <span class='ocrx_word' id='word_1_103' title='bbox 1074 1751 1174 1814; x_wconf 90' lang='lat' dir='ltr'>nostri</span> <span class='ocrx_word' id='word_1_104' title='bbox 1188 1751 1261 1812; x_wconf 80' lang='lat' dir='ltr'>lesu</span> <span class='ocrx_word' id='word_1_105' title='bbox 1313 1781 1314 1816; x_wconf 62' lang='grc' dir='ltr'>ι</span> 
     </span>
     <span class='ocr_line' id='line_1_15' title="bbox 207 1851 1259 1934; baseline -0.002 -19"><span class='ocrx_word' id='word_1_106' title='bbox 207 1853 319 1915; x_wconf 87' lang='lat' dir='ltr'>Christi</span> <span class='ocrx_word' id='word_1_107' title='bbox 340 1856 522 1934; x_wconf 84' lang='lat' dir='ltr'>sanguinem</span> <span class='ocrx_word' id='word_1_108' title='bbox 541 1853 661 1934; x_wconf 92' lang='lat' dir='ltr'>judicio</span> <span class='ocrx_word' id='word_1_109' title='bbox 683 1855 741 1915; x_wconf 90' lang='lat' dir='ltr'>Dei</span> <span class='ocrx_word' id='word_1_110' title='bbox 763 1852 865 1914; x_wconf 87' lang='lat' dir='ltr'>fuerat</span> <span class='ocrx_word' id='word_1_111' title='bbox 886 1852 1054 1929; x_wconf 85' lang='lat' dir='ltr'>ordinatus,</span> <span class='ocrx_word' id='word_1_112' title='bbox 1077 1851 1180 1914; x_wconf 88' lang='lat' dir='ltr'>victor</span> <span class='ocrx_word' id='word_1_113' title='bbox 1202 1853 1259 1913; x_wconf 86' lang='lat' dir='ltr'>tri-</span> 
     </span>
     <span class='ocr_line' id='line_1_16' title="bbox 206 1951 1259 2035; baseline 0.001 -22"><span class='ocrx_word' id='word_1_114' title='bbox 206 1954 354 2034; x_wconf 86' lang='lat' dir='ltr'>umphans</span> <span class='ocrx_word' id='word_1_115' title='bbox 381 1973 457 2016; x_wconf 90' lang='lat' dir='ltr'>cum-</span> <span class='ocrx_word' id='word_1_116' title='bbox 473 1955 662 2034; x_wconf 82' lang='lat' dir='ltr'>Vespasiano</span> <span class='ocrx_word' id='word_1_117' title='bbox 683 1961 769 2035; x_wconf 84' lang='lat' dir='ltr'>patre</span> <span class='ocrx_word' id='word_1_118' title='bbox 790 1953 900 2016; x_wconf 79' lang='lat' dir='ltr'>lanum</span> <span class='ocrx_word' id='word_1_119' title='bbox 923 1952 1038 2015; x_wconf 86' lang='lat' dir='ltr'>clausit.</span> <span class='ocrx_word' id='word_1_120' title='bbox 1083 1951 1183 2034; x_wconf 79' lang='lat' dir='ltr'>Igitur</span> <span class='ocrx_word' id='word_1_121' title='bbox 1205 1953 1259 2014; x_wconf 88' lang='lat' dir='ltr'>etsi</span> 
     </span>
     <span class='ocr_line' id='line_1_17' title="bbox 205 2053 1259 2135; baseline 0 -21"><span class='ocrx_word' id='word_1_122' title='bbox 205 2053 263 2114; x_wconf 88' lang='lat' dir='ltr'>sab</span> <span class='ocrx_word' id='word_1_123' title='bbox 285 2056 432 2116; x_wconf 84' lang='lat' dir='ltr'>extremis</span> <span class='ocrx_word' id='word_1_124' title='bbox 448 2054 586 2117; x_wconf 85' lang='lat' dir='ltr'>Caesaris</span> <span class='ocrx_word' id='word_1_125' title='bbox 608 2054 797 2134; x_wconf 86' lang='lat' dir='ltr'>temporibus</span> <span class='ocrx_word' id='word_1_126' title='bbox 819 2061 942 2135; x_wconf 88' lang='lat' dir='ltr'>apertos</span> <span class='ocrx_word' id='word_1_127' title='bbox 965 2062 1013 2117; x_wconf 90' lang='lat' dir='ltr'>est</span> <span class='ocrx_word' id='word_1_128' title='bbox 1028 2053 1135 2132; x_wconf 85' lang='lat' dir='ltr'>lanus,</span> <span class='ocrx_word' id='word_1_129' title='bbox 1159 2060 1259 2115; x_wconf 81' lang='lat' dir='ltr'>temen</span> 
     </span>
     <span class='ocr_line' id='line_1_18' title="bbox 205 2153 1258 2236; baseline 0.001 -21"><span class='ocrx_word' id='word_1_130' title='bbox 205 2171 263 2234; x_wconf 89' lang='lat' dir='ltr'>per</span> <span class='ocrx_word' id='word_1_131' title='bbox 283 2153 377 2216; x_wconf 87' lang='lat' dir='ltr'>multa</span> <span class='ocrx_word' id='word_1_132' title='bbox 401 2173 441 2216; x_wconf 86' lang='lat' dir='ltr'>cx</span> <span class='ocrx_word' id='word_1_133' title='bbox 463 2173 502 2217; x_wconf 84' lang='lat' dir='ltr'>eo</span> <span class='ocrx_word' id='word_1_134' title='bbox 524 2163 672 2236; x_wconf 83' lang='lat' dir='ltr'>tempora,</span> <span class='ocrx_word' id='word_1_135' title='bbox 688 2155 827 2236; x_wconf 84' lang='lat' dir='ltr'>quamvis</span> <span class='ocrx_word' id='word_1_136' title='bbox 842 2156 874 2216; x_wconf 91' lang='lat' dir='ltr'>in</span> <span class='ocrx_word' id='word_1_137' title='bbox 889 2156 1048 2236; x_wconf 89' lang='lat' dir='ltr'>procinctu</span> <span class='ocrx_word' id='word_1_138' title='bbox 1063 2161 1147 2217; x_wconf 85' lang='lat' dir='ltr'>essct</span> <span class='ocrx_word' id='word_1_139' title='bbox 1162 2171 1258 2216; x_wconf 83' lang='lat' dir='ltr'>exer-</span> 
     </span>
     <span class='ocr_line' id='line_1_19' title="bbox 205 2255 1259 2335; baseline 0.001 -20"><span class='ocrx_word' id='word_1_140' title='bbox 205 2256 300 2332; x_wconf 91' lang='lat' dir='ltr'>citus,</span> <span class='ocrx_word' id='word_1_141' title='bbox 335 2256 419 2320; x_wconf 89' lang='lat' dir='ltr'>nulla</span> <span class='ocrx_word' id='word_1_142' title='bbox 446 2256 527 2318; x_wconf 87' lang='lat' dir='ltr'>bella</span> <span class='ocrx_word' id='word_1_143' title='bbox 554 2264 734 2319; x_wconf 90' lang='lat' dir='ltr'>sonuerunt.</span> <span class='ocrx_word' id='word_1_144' title='bbox 778 2255 866 2318; x_wconf 85' lang='lat' dir='ltr'>Unde</span> <span class='ocrx_word' id='word_1_145' title='bbox 893 2257 984 2318; x_wconf 88' lang='lat' dir='ltr'>etiarn</span> <span class='ocrx_word' id='word_1_146' title='bbox 1013 2256 1164 2319; x_wconf 89' lang='lat' dir='ltr'>Dominus</span> <span class='ocrx_word' id='word_1_147' title='bbox 1195 2256 1259 2335; x_wconf 87' lang='lat' dir='ltr'>ipse</span> 
     </span>
     <span class='ocr_line' id='line_1_20' title="bbox 204 2352 1258 2438; baseline 0.003 -23"><span class='ocrx_word' id='word_1_148' title='bbox 204 2352 296 2416; x_wconf 87' lang='lat' dir='ltr'>Jesus</span> <span class='ocrx_word' id='word_1_149' title='bbox 312 2354 449 2418; x_wconf 83' lang='lat' dir='ltr'>Christus</span> <span class='ocrx_word' id='word_1_150' title='bbox 464 2359 496 2418; x_wconf 90' lang='lat' dir='ltr'>in</span> <span class='ocrx_word' id='word_1_151' title='bbox 511 2357 701 2438; x_wconf 82' lang='lat' dir='ltr'>Euangeliis,</span> <span class='ocrx_word' id='word_1_152' title='bbox 725 2375 793 2418; x_wconf 92' lang='lat' dir='ltr'>cum</span> <span class='ocrx_word' id='word_1_153' title='bbox 809 2357 997 2436; x_wconf 88' lang='lat' dir='ltr'>temporibus</span> <span class='ocrx_word' id='word_1_154' title='bbox 1012 2357 1074 2419; x_wconf 90' lang='lat' dir='ltr'>illis</span> <span class='ocrx_word' id='word_1_155' title='bbox 1088 2357 1120 2417; x_wconf 94' lang='lat' dir='ltr'>in</span> <span class='ocrx_word' id='word_1_156' title='bbox 1141 2373 1258 2418; x_wconf 89' lang='lat' dir='ltr'>summa</span> 
     </span>
     <span class='ocr_line' id='line_1_21' title="bbox 205 2455 1257 2540; baseline 0.005 -25"><span class='ocrx_word' id='word_1_157' title='bbox 205 2455 426 2535; x_wconf 82' lang='lat' dir='ltr'>tranquillitate</span> <span class='ocrx_word' id='word_1_158' title='bbox 448 2459 612 2522; x_wconf 88' lang='lat' dir='ltr'>universus</span> <span class='ocrx_word' id='word_1_159' title='bbox 635 2458 766 2520; x_wconf 89' lang='lat' dir='ltr'>mundus</span> <span class='ocrx_word' id='word_1_160' title='bbox 789 2464 909 2537; x_wconf 83' lang='lat' dir='ltr'>ageret,</span> <span class='ocrx_word' id='word_1_161' title='bbox 938 2465 1126 2538; x_wconf 86' lang='lat' dir='ltr'>cunctasque</span> <span class='ocrx_word' id='word_1_162' title='bbox 1148 2463 1257 2540; x_wconf 80' lang='lat' dir='ltr'>gentes</span> 
     </span>
     <span class='ocr_line' id='line_1_22' title="bbox 205 2544 1256 2640; baseline 0.001 -23"><span class='ocrx_word' id='word_1_163' title='bbox 205 2574 265 2636; x_wconf 86' lang='lat' dir='ltr'>pax</span> <span class='ocrx_word' id='word_1_164' title='bbox 280 2575 341 2618; x_wconf 86' lang='lat' dir='ltr'>una</span> <span class='ocrx_word' id='word_1_165' title='bbox 363 2556 490 2636; x_wconf 88' lang='lat' dir='ltr'>velaret,</span> <span class='ocrx_word' id='word_1_166' title='bbox 514 2566 545 2622; x_wconf 86' lang='lat' dir='ltr'>et</span> <span class='ocrx_word' id='word_1_167' title='bbox 566 2579 585 2622; x_wconf 90' lang='lat' dir='ltr'>a</span> <span class='ocrx_word' id='word_1_168' title='bbox 607 2544 772 2639; x_wconf 82' lang='lat' dir='ltr'>discipulis</span> <span class='ocrx_word' id='word_1_169' title='bbox 786 2559 851 2620; x_wconf 87' lang='lat' dir='ltr'>suis</span> <span class='ocrx_word' id='word_1_170' title='bbox 874 2559 1080 2640; x_wconf 85' lang='lat' dir='ltr'>interrogatus</span> <span class='ocrx_word' id='word_1_171' title='bbox 1102 2565 1197 2637; x_wconf 86' lang='lat' dir='ltr'>esset,</span> <span class='ocrx_word' id='word_1_172' title='bbox 1221 2558 1256 2620; x_wconf 89' lang='lat' dir='ltr'>de</span> 
     </span>
     <span class='ocr_line' id='line_1_23' title="bbox 205 2657 1314 2739; baseline 0.002 -23"><span class='ocrx_word' id='word_1_173' title='bbox 205 2657 407 2719; x_wconf 80' lang='lat' dir='ltr'>conclusione</span> <span class='ocrx_word' id='word_1_174' title='bbox 428 2665 598 2739; x_wconf 87' lang='lat' dir='ltr'>temporum</span> <span class='ocrx_word' id='word_1_175' title='bbox 620 2659 887 2738; x_wconf 89' lang='lat' dir='ltr'>subsequentium,</span> <span class='ocrx_word' id='word_1_176' title='bbox 911 2658 998 2726; x_wconf 82' lang='lat' dir='ltr'>inter¹</span> <span class='ocrx_word' id='word_1_177' title='bbox 1013 2665 1116 2721; x_wconf 86' lang='lat' dir='ltr'>cetera</span> <span class='ocrx_word' id='word_1_178' title='bbox 1139 2660 1187 2720; x_wconf 90' lang='lat' dir='ltr'>sic</span> <span class='ocrx_word' id='word_1_179' title='bbox 1200 2659 1253 2720; x_wconf 89' lang='lat' dir='ltr'>ait:</span> <span class='ocrx_word' id='word_1_180' title='bbox 1313 2691 1314 2718; x_wconf 74' lang='grc'><strong>;</strong></span> 
     </span>
     <span class='ocr_line' id='line_1_24' title="bbox 204 2752 1314 2842; baseline 0 -21"><span class='ocrx_word' id='word_1_181' title='bbox 204 2752 372 2822; x_wconf 67' lang='lat' dir='ltr'>Auditum</span> <span class='ocrx_word' id='word_1_182' title='bbox 392 2760 509 2823; x_wconf 84' lang='lat' dir='ltr'>eutem</span> <span class='ocrx_word' id='word_1_183' title='bbox 530 2760 616 2823; x_wconf 77' lang='lat' dir='ltr'>cette</span> <span class='ocrx_word' id='word_1_184' title='bbox 635 2757 771 2840; x_wconf 77' lang='lat' dir='ltr'>proelia</span> <span class='ocrx_word' id='word_1_185' title='bbox 792 2761 825 2822; x_wconf 87' lang='lat' dir='ltr'>et</span> <span class='ocrx_word' id='word_1_186' title='bbox 844 2759 1024 2842; x_wconf 69' lang='lat' dir='ltr'>opiniones</span> <span class='ocrx_word' id='word_1_187' title='bbox 1036 2759 1255 2842; x_wconf 72' lang='lat' dir='ltr'>praeliorum,</span> <span class='ocrx_word' id='word_1_188' title='bbox 1313 2789 1314 2796; x_wconf 28' lang='grc' dir='ltr'>ι</span> 
     </span>
    </p>

    <p class='ocr_par' dir='ltr' id='par_1_4' title="bbox 144 2855 1314 3758">
     <span class='ocr_line' id='line_1_25' title="bbox 144 2855 1254 2942; baseline 0.005 -23"><span class='ocrx_word' id='word_1_189' title='bbox 144 2871 155 2880; x_wconf 82' lang='grc'><em>·</em></span> <span class='ocrx_word' id='word_1_190' title='bbox 206 2855 297 2934; x_wconf 84' lang='grc'><strong>[459]</strong></span> <span class='ocrx_word' id='word_1_191' title='bbox 324 2859 435 2925; x_wconf 74' lang='lat' dir='ltr'>eistete</span> <span class='ocrx_word' id='word_1_192' title='bbox 460 2877 506 2924; x_wconf 85' lang='lat' dir='ltr'>ne</span> <span class='ocrx_word' id='word_1_193' title='bbox 532 2859 725 2925; x_wconf 77' lang='lat' dir='ltr'>turbemini.</span> <span class='ocrx_word' id='word_1_194' title='bbox 769 2856 913 2941; x_wconf 83' lang='lat' dir='ltr'>Oportet</span> <span class='ocrx_word' id='word_1_195' title='bbox 939 2860 1030 2925; x_wconf 81' lang='lat' dir='ltr'>enim</span> <span class='ocrx_word' id='word_1_196' title='bbox 1053 2857 1140 2925; x_wconf 83' lang='lat' dir='ltr'>baec</span> <span class='ocrx_word' id='word_1_197' title='bbox 1163 2858 1254 2942; x_wconf 78' lang='lat' dir='ltr'>fieri:</span> 
     </span>
     <span class='ocr_line' id='line_1_26' title="bbox 205 2955 1254 3046; baseline 0.004 -23"><span class='ocrx_word' id='word_1_198' title='bbox 205 2959 271 3023; x_wconf 78' lang='lat' dir='ltr'>ced</span> <span class='ocrx_word' id='word_1_199' title='bbox 290 2962 446 3026; x_wconf 81' lang='lat' dir='ltr'>nondum</span> <span class='ocrx_word' id='word_1_200' title='bbox 468 2961 523 3022; x_wconf 78' lang='lat' dir='ltr'>est</span> <span class='ocrx_word' id='word_1_201' title='bbox 539 2957 633 3038; x_wconf 78' lang='lat' dir='ltr'>finis.</span> <span class='ocrx_word' id='word_1_202' title='bbox 676 2955 871 3043; x_wconf 78' lang='lat' dir='ltr'>Gonourpet</span> <span class='ocrx_word' id='word_1_203' title='bbox 892 2963 981 3026; x_wconf 79' lang='lat' dir='ltr'>enim</span> <span class='ocrx_word' id='word_1_204' title='bbox 1000 2978 1087 3044; x_wconf 78' lang='lat' dir='ltr'>pene</span> <span class='ocrx_word' id='word_1_205' title='bbox 1107 2963 1145 3026; x_wconf 81' lang='lat' dir='ltr'>in</span> <span class='ocrx_word' id='word_1_206' title='bbox 1169 2979 1254 3046; x_wconf 81' lang='lat' dir='ltr'>pen·</span> 
     </span>
     <span class='ocr_line' id='line_1_27' title="bbox 205 3059 1314 3144; baseline 0.003 -21"><span class='ocrx_word' id='word_1_207' title='bbox 205 3061 273 3123; x_wconf 82' lang='lat' dir='ltr'>tem</span> <span class='ocrx_word' id='word_1_208' title='bbox 296 3061 333 3123; x_wconf 84' lang='lat' dir='ltr'>ct</span> <span class='ocrx_word' id='word_1_209' title='bbox 357 3076 501 3142; x_wconf 73' lang='lat' dir='ltr'>reprcunt</span> <span class='ocrx_word' id='word_1_210' title='bbox 526 3059 564 3124; x_wconf 79' lang='lat' dir='ltr'>in</span> <span class='ocrx_word' id='word_1_211' title='bbox 588 3075 750 3142; x_wconf 76' lang='lat' dir='ltr'>requam,</span> <span class='ocrx_word' id='word_1_212' title='bbox 779 3063 813 3124; x_wconf 90' lang='lat' dir='ltr'>et</span> <span class='ocrx_word' id='word_1_213' title='bbox 839 3065 944 3127; x_wconf 73' lang='lat' dir='ltr'>nunt</span> <span class='ocrx_word' id='word_1_214' title='bbox 968 3063 1200 3144; x_wconf 72' lang='lat' dir='ltr'>pestilentiae,</span> <span class='ocrx_word' id='word_1_215' title='bbox 1227 3065 1256 3126; x_wconf 87' lang='lat' dir='ltr'>et</span> <span class='ocrx_word' id='word_1_216' title='bbox 1313 3071 1314 3104; x_wconf 69' lang='lat' dir='ltr'>l</span> 
     </span>
     <span class='ocr_line' id='line_1_28' title="bbox 201 3145 1314 3252; baseline 0.004 -28"><span class='ocrx_word' id='word_1_217' title='bbox 201 3155 313 3244; x_wconf 76' lang='lat' dir='ltr'>fames</span> <span class='ocrx_word' id='word_1_218' title='bbox 341 3164 375 3226; x_wconf 86' lang='lat' dir='ltr'>et</span> <span class='ocrx_word' id='word_1_219' title='bbox 402 3162 633 3226; x_wconf 75' lang='lat' dir='ltr'>terraemotus</span> <span class='ocrx_word' id='word_1_220' title='bbox 657 3179 724 3244; x_wconf 82' lang='lat' dir='ltr'>per·</span> <span class='ocrx_word' id='word_1_221' title='bbox 750 3162 832 3228; x_wconf 88' lang='lat' dir='ltr'>loco</span> <span class='ocrx_word' id='word_1_222' title='bbox 875 3161 976 3229; x_wconf 82' lang='lat' dir='ltr'>Haec</span> <span class='ocrx_word' id='word_1_223' title='bbox 1001 3165 1118 3229; x_wconf 64' lang='lat' dir='ltr'>cuum</span> <span class='ocrx_word' id='word_1_224' title='bbox 1146 3145 1255 3230; x_wconf 66' lang='lat' dir='ltr'>omorio</span> <span class='ocrx_word' id='word_1_225' title='bbox 1313 3247 1314 3252; x_wconf 6' lang='grc' dir='ltr'><strong>Ἰ</strong></span> 
     </span>
     <span class='ocr_line' id='line_1_29' title="bbox 204 3259 1254 3332; baseline 0.004 -6"><span class='ocrx_word' id='word_1_226' title='bbox 204 3261 304 3326; x_wconf 79' lang='lat' dir='ltr'>initia</span> <span class='ocrx_word' id='word_1_227' title='bbox 335 3265 421 3330; x_wconf 77' lang='lat' dir='ltr'>eunt</span> <span class='ocrx_word' id='word_1_228' title='bbox 451 3262 615 3328; x_wconf 80' lang='lat' dir='ltr'>dolorum</span> <span class='ocrx_word' id='word_1_229' title='bbox 661 3259 764 3328; x_wconf 84' lang='lat' dir='ltr'>Tunc</span> <span class='ocrx_word' id='word_1_230' title='bbox 793 3265 932 3330; x_wconf 84' lang='lat' dir='ltr'>tradent</span> <span class='ocrx_word' id='word_1_231' title='bbox 956 3283 1020 3332; x_wconf 81' lang='lat' dir='ltr'>ooo</span> <span class='ocrx_word' id='word_1_232' title='bbox 1046 3265 1082 3329; x_wconf 83' lang='lat' dir='ltr'>in</span> <span class='ocrx_word' id='word_1_233' title='bbox 1109 3263 1254 3330; x_wconf 76' lang='lat' dir='ltr'>tribulo-</span> 
     </span>
     <span class='ocr_line' id='line_1_30' title="bbox 205 3363 1314 3450; baseline 0.006 -25"><span class='ocrx_word' id='word_1_234' title='bbox 205 3363 346 3440; x_wconf 85' lang='lat' dir='ltr'>ttonem‚</span> <span class='ocrx_word' id='word_1_235' title='bbox 374 3366 411 3428; x_wconf 88' lang='lat' dir='ltr'>et</span> <span class='ocrx_word' id='word_1_236' title='bbox 429 3364 585 3429; x_wconf 79' lang='lat' dir='ltr'>occident</span> <span class='ocrx_word' id='word_1_237' title='bbox 603 3382 684 3429; x_wconf 78' lang='lat' dir='ltr'>voe:</span> <span class='ocrx_word' id='word_1_238' title='bbox 718 3365 754 3428; x_wconf 89' lang='lat' dir='ltr'>ct</span> <span class='ocrx_word' id='word_1_239' title='bbox 774 3363 870 3431; x_wconf 77' lang='lat' dir='ltr'>critic</span> <span class='ocrx_word' id='word_1_240' title='bbox 892 3366 969 3432; x_wconf 81' lang='lat' dir='ltr'>odio</span> <span class='ocrx_word' id='word_1_241' title='bbox 992 3363 1151 3432; x_wconf 73' lang='lat' dir='ltr'>emmona</span> <span class='ocrx_word' id='word_1_242' title='bbox 1169 3383 1255 3450; x_wconf 77' lang='lat' dir='ltr'>perr-</span> <span class='ocrx_word' id='word_1_243' title='bbox 1313 3445 1314 3448; x_wconf 8' lang='grc' dir='ltr'><strong>Ἴ</strong></span> 
     </span>
     <span class='ocr_line' id='line_1_31' title="bbox 204 3459 1255 3548; baseline 0.005 -24"><span class='ocrx_word' id='word_1_244' title='bbox 204 3459 296 3526; x_wconf 76' lang='lat' dir='ltr'>libus</span> <span class='ocrx_word' id='word_1_245' title='bbox 315 3466 460 3545; x_wconf 81' lang='lat' dir='ltr'>propter</span> <span class='ocrx_word' id='word_1_246' title='bbox 479 3483 605 3530; x_wconf 84' lang='lat' dir='ltr'>nomen</span> <span class='ocrx_word' id='word_1_247' title='bbox 632 3482 755 3530; x_wconf 81' lang='lat' dir='ltr'>mcum.</span> <span class='ocrx_word' id='word_1_248' title='bbox 798 3465 863 3530; x_wconf 92' lang='lat' dir='ltr'>lloc</span> <span class='ocrx_word' id='word_1_249' title='bbox 890 3475 992 3530; x_wconf 88' lang='lat' dir='ltr'>autem</span> <span class='ocrx_word' id='word_1_250' title='bbox 1019 3467 1124 3530; x_wconf 75' lang='lat' dir='ltr'>dimna</span> <span class='ocrx_word' id='word_1_251' title='bbox 1152 3469 1255 3548; x_wconf 87' lang='lat' dir='ltr'>prori-</span> 
     </span>
     <span class='ocr_line' id='line_1_32' title="bbox 205 3563 1254 3647; baseline 0.006 -23"><span class='ocrx_word' id='word_1_252' title='bbox 205 3563 308 3625; x_wconf 85' lang='lat' dir='ltr'>dentia</span> <span class='ocrx_word' id='word_1_253' title='bbox 336 3565 451 3626; x_wconf 75' lang='lat' dir='ltr'>&lt;locens</span> <span class='ocrx_word' id='word_1_254' title='bbox 477 3573 509 3626; x_wconf 88' lang='lat' dir='ltr'>ct</span> <span class='ocrx_word' id='word_1_255' title='bbox 535 3565 697 3628; x_wconf 86' lang='lat' dir='ltr'>credentes</span> <span class='ocrx_word' id='word_1_256' title='bbox 726 3569 953 3646; x_wconf 88' lang='lat' dir='ltr'>praemonendo</span> <span class='ocrx_word' id='word_1_257' title='bbox 980 3567 1126 3647; x_wconf 83' lang='lat' dir='ltr'>firmavit,</span> <span class='ocrx_word' id='word_1_258' title='bbox 1152 3576 1182 3631; x_wconf 86' lang='lat' dir='ltr'>et</span> <span class='ocrx_word' id='word_1_259' title='bbox 1205 3570 1254 3630; x_wconf 88' lang='lat' dir='ltr'>in·</span> 
     </span>
     <span class='ocr_line' id='line_1_33' title="bbox 204 3657 760 3758; baseline 0.009 -34"><span class='ocrx_word' id='word_1_260' title='bbox 204 3663 347 3726; x_wconf 88' lang='lat' dir='ltr'>credulos</span> <span class='ocrx_word' id='word_1_261' title='bbox 369 3664 575 3745; x_wconf 84' lang='lat' dir='ltr'>praedicendo</span> <span class='ocrx_word' id='word_1_262' title='bbox 597 3657 760 3758; x_wconf 58' lang='lat' dir='ltr'>confudit}</span> 
     </span>
    </p>
   </div>
   <div class='ocr_carea' id='block_1_3' title="bbox 0 0 1322 4434">
    <p class='ocr_par' dir='ltr' id='par_1_5' title="bbox 0 0 1322 4434">
     <span class='ocr_line' id='line_1_34' title="bbox 0 0 1322 4434; baseline 0 1"><span class='ocrx_word' id='word_1_263' title='bbox 0 0 1322 4434; x_wconf 95' lang='lat' dir='ltr'> </span> 
     </span>
    </p>
   </div>
  </div>
 </body>
</html>
