2634 4434
454 1473 688 1562 Paua!
726 1470 990 1558 ⁰8⁰0ss

387 1660 764 1730 nausearum
798 1654 1043 1726 niernum

267 1822 1173 1961 HISTORIARUM

509 2092 672 2164 LIBER
715 2092 931 2162 SEXTUS.

621 2306 831 2318 ...-.—-—--

576 2440 782 2577 laput
835 2437 865 2546 1.

244 2646 357 2715 Unum
378 2643 492 2710 Deum
516 2648 584 2711 tom
607 2642 794 2811 Gentca‘itztum
816 2663 918 2729 quom
932 2639 1212 2711 Christianorum
1300 2654 1306 2663 ·

649 2766 694 2829 Ju
731 2764 793 2813 eto.

285 2900 400 2963 Omnes
422 2899 562 2961 homines
585 2899 750 2978 cujuslibet
771 2901 821 2962 vel
851 2906 970 2978 sectae,
998 2899 1050 2961 v‘el
1078 2899 1177 2975 vitae,
1205 2895 1253 2957 vel

202 2998 292 3076 [864]
326 3000 442 3079 patriae
472 3000 514 3060 ita
536 3016 657 3080 semper
679 3000 718 3061 ad
739 3007 933 3081 prospectum
956 3000 1138 3081 prudentiae
1161 3004 1253 3059 natu·
1311 3029 1312 3086 3

200 3100 257 3163 ruli
287 3100 369 3162 hono
402 3098 579 3181 eriguntur,
612 3107 647 3161 ut
679 3100 905 3165 oblectamento
938 3102 1075 3181 eorporis
1106 3097 1254 3161 rationale
1311 3133 1312 3150 ι

202 3202 323 3280 mentis,
347 3202 404 3264 etsi
427 3218 489 3264 nau
512 3208 581 3263 aotu
604 3200 788 3282 praeferant,
807 3203 925 3284 judioio
948 3208 1049 3263 tamen
1070 3199 1254 3280 praeleron-

202 3304 274 3365 dnm
296 3303 403 3366 sciant.
449 3303 535 3376 Quae
559 3320 645 3365 mens
668 3304 787 3365 ratione
810 3302 889 3365 duoe
916 3301 1067 3364 illustrata
1094 3302 1126 3362 iu
1157 3299 1256 3361 medio
1310 3325 1312 3402 4

201 3403 359 3479 virtutum,
383 3402 495 3481 quibus
517 3404 655 3485 genuino
678 3401 794 3494 lauare,
818 3402 956 3484 quamvis
978 3402 1062 3464 vitiis
1080 3400 1257 3479 inclinetur,
1311 3411 1312 3428 ¹

202 3502 345 3583 assurgit,
368 3502 527 3565 seientiam
548 3504 606 3566 Dei
629 3504 718 3585 quasi
740 3520 841 3567 arcem
864 3502 1017 3585 prospicit.
1054 3503 1154 3563 Deum
1177 3501 1257 3562 enim

203 3601 334 3682 quilibet
363 3601 520 3664 hominum
550 3612 750 3667 contemnere
779 3605 816 3667 ad
845 3612 964 3685 tempus
993 3608 1110 3682 potest‚'
1138 3601 1258 3662 nescire

203 3705 235 3765 in
262 3709 357 3765 totum
381 3718 442 3765 non
466 3710 574 3783 potest.
612 3705 706 3789 ¹Unde
728 3705 864 3784 quidam,
886 3704 957 3766 dum
981 3705 1013 3766 in
1036 3702 1140 3763 multis
1162 3701 1260 3761 Deum
1311 3711 1312 3728 ¹

204 3803 349 3880 credunt,
383 3803 493 3866 multos
526 3804 608 3865 Deos
642 3803 809 3865 indiscreto
843 3805 954 3866 timore
986 3802 1152 3865 finxerunt.
1199 3798 1259 3863 Sed

205 3898 291 3979 [365]
314 3900 467 3983 hincjam
489 3901 539 3964 vel
563 3902 705 3978 maxime,
728 3918 797 3962 oum
820 3904 1002 3965 auctoritate
1024 3903 1164 3963 veritatis
1180 3918 1259 3980 ope-

205 4004 308 4075 rante,
338 4006 400 4062 tum
430 4003 494 4082 ipsa
522 4003 613 4065 etiam
642 4003 761 4065 ratione
787 4002 990 4081 discutiente,
1013 4004 1184 4066 discessum
1209 4006 1261 4063 est.
