2634 4434
691 324 763 392 282

542 555 736 694 caput
782 551 908 661 nu.

201 779 342 862 Quincti
364 773 512 861 Traiani
532 775 643 854 Decii,
666 779 701 841 el
722 773 814 842 Galli
834 772 1021 840 Hostiliani
1044 791 1120 839 cunr
1150 771 1261 842 Volu-

522 879 621 944 siano
642 877 712 962 pilio
734 877 931 961 Imperium.

236 1077 240 1082 ⁸
287 1050 379 1113 Anno
407 1048 445 1110 ab
467 1048 549 1110 Urbe
576 1051 699 1117 condita
725 1049 804 1112 bllV.
832 1049 946 1110 Decius
973 1047 1073 1109 civilis
1100 1047 1178 1110 belli
1207 1048 1260 1109 in-

203 1159 312 1217 centor
333 1158 365 1213 et
379 1151 553 1233 repressor,
576 1152 686 1213 occisis
708 1150 862 1230 Philippis,
889 1151 1014 1229 quintus
1037 1155 1069 1210 et
1090 1150 1261 1230 vigesimus

203 1255 241 1318 ab
257 1254 398 1335 Augusto
412 1253 524 1313 invasit
547 1254 718 1332 imperium,
742 1252 903 1330 tenuitque
925 1250 1022 1336 annis
1036 1249 1144 1312 tribus.
1176 1249 1263 1311 ldem

204 1356 368 1432 continuo,
400 1353 435 1414 in
467 1370 528 1432 quo
553 1369 591 1414 se
618 1353 708 1414 etiam
738 1351 776 1414 ob
805 1351 871 1413 hoc·
890 1350 1042 1430 Philippos
1064 1349 1263 1412 interfecisse

110 1534 118 1542 ἢ
205 1457 325 1531 docuit,
348 1454 385 1515 ad
408 1453 638 1534 persequendos
661 1451 953 1532 interficiendosque
977 1451 1180 1527 Christianos,
1205 1469 1262 1512 se-

204 1557 316 1636 ptimus
338 1561 407 1633 post
428 1552 596 1630 Neronem,
619 1552 726 1616 feralia
749 1554 891 1633 dispersit
913 1553 1026 1630 edicta,
1048 1553 1263 1634 plurimosque

204 1663 378 1719 sanctorum
412 1655 450 1716 ad
475 1671 612 1727 ⁴coronas
639 1654 750 1716 Christi
784 1654 822 1716 de
855 1654 919 1716 suis
951 1652 1138 1716 cruciatibus
1172 1653 1263 1714 misit.

204 1757 352 1836 Idemque
374 1755 469 1816 filium
492 1773 580 1818 suum
598 1756 758 1817 Caesarem
781 1755 867 1836 legit,
890 1773 958 1816 cum
982 1771 1043 1835 quo
1065 1754 1158 1818 simul
1179 1771 1261 1815 con-

206 1855 297 1932 [516]
335 1857 422 1918 tinuo
456 1857 487 1917 in
520 1857 622 1919 medio
654 1856 852 1924 barbarorum
886 1859 956 1918 sinu
990 1855 1171 1918 interfectus
1207 1862 1262 1917 est.

205 1959 298 2020 Anno
320 1956 357 2018 ab
373 1957 455 2018 Urbe
477 1959 599 2019 condita
622 1957 714 2020 MVll.
754 1954 857 2020 Gallus
880 1957 1077 2036 Hostilianas,
1100 1964 1209 2018 sextus
1233 1963 1265 2017 et

205 2058 374 2138 vigesimus
396 2056 433 2117 ab
456 2057 613 2137 Augusto,
635 2074 766 2140 regnum
789 2059 932 2138 adeptus,
955 2059 1008 2119 vix
1030 2057 1150 2119 dnobus
1173 2058 1265 2119 annis

206 2178 276 2221 cum
291 2157 458 2219 Volusiano
474 2157 536 2218 lilio
559 2157 698 2244 obtinuit.
735 2157 881 2221 Exoritur
902 2159 978 2220 ultio
1000 2157 1105 2220 violati
1128 2159 1266 2220 nominis

207 2259 386 2336 Christiani,
414 2266 446 2321 et
473 2276 640 2340 ⁴usquequo
674 2259 711 2320 ad
744 2259 946 2340 profligendas
974 2259 1127 2322 Ecclesias
1162 2259 1268 2320 edicta

206 2360 294 2421 Decii
320 2368 537 2437 cucurrerunt,
566 2367 694 2422 eatenus
721 2360 946 2423 incredibilium
970 2361 1145 2422 morborum
1167 2361 1267 2440 pestis

207 2461 398 2521 extenditur:
436 2461 520 2522 nulla
555 2461 621 2522 lere
654 2463 811 2542 provincia
843 2461 992 2539 Ronlana,
1027 2462 1110 2524 nulla
1142 2461 1267 2540 civitae,

207 2560 292 2622 nulla
314 2561 422 2624 domus
444 2561 518 2639 fuit,
542 2580 624 2643 qnae
643 2579 705 2622 non
729 2560 780 2623 illa
802 2563 940 2644 generali
960 2563 1134 2651 pestilentia
1151 2579 1265 2624 corre-

207 2669 256 2741 pta
280 2669 373 2741 atque
399 2669 525 2724 vacuata
553 2663 601 2723 sit.
646 2649 709 2724 Hac
737 2663 801 2725 sola
828 2665 965 2743 pernicie
993 2665 1130 2746 insignes
1159 2663 1266 2727 Gallus

209 2769 241 2840 et
266 2762 466 2840 Volusianus,
495 2763 566 2825 dum
594 2770 699 2825 contra
721 2763 926 2825 Aemilianum
955 2767 1042 2828 novis
1069 2765 1164 2826 rebus
1190 2772 1265 2826 stu-

131 2898 136 2906 ·
208 2863 331 2927 dentem
363 2865 477 2927 bellum
507 2864 599 2926 civile
628 2864 809 2940 moliuntur,
833 2866 926 2928 occisi
948 2873 1027 2928 sunt.
1071 2865 1266 2928 Aemilianus

210 2973 313 3028 tamen
334 2968 424 3028 lertio
446 2981 553 3026 mense
575 2965 700 3025 invasae
723 2965 892 3044 tyrannidis
915 2967 1084 3028 exstinctus
1107 2973 1164 3030 est.

529 3220 733 3380 *lla-put
778 3217 935 3327 llllll.

217 3427 423 3494 Valerianus
444 3430 479 3492 et
500 3423 681 3493 Gallienus
709 3427 875 3512 quomodo
903 3385 939 3490 si
965 3427 1128 3509 quamdiu
1157 3429 1268 3511 irnpe-

209 3530 373 3611 raverint.
415 3526 558 3592 Interim
582 3530 627 3593 de
645 3531 887 3611 persecutione
909 3526 1100 3609 Ecclesiae,
1123 3529 1268 3614 &aspare

208 3650 274 3715 per
293 3630 393 3696 varia
414 3629 500 3694 della
528 3633 561 3694 el
586 3633 813 3714 iprarrrrornm
835 3627 1091 3714 conspiratione
1113 3631 1267 3696 alnonis.

201 3820 204 3824 ⁴
296 3787 387 3846 Anno
409 3785 446 3846 ab
470 3783 551 3846 Urbe
574 3783 695 3844 condita
717 3783 783 3842 le.
808 3783 867 3844 duc
890 3784 1091 3864 Imperatores
1115 3784 1267 3863 vigesimo

211 3887 340 3962 septimo
373 3893 441 3962 post
472 3883 646 3963 Augustum
680 3883 747 3943 loco
781 3883 875 3943 creati
904 3891 984 3944 sunt.
1029 3883 1214 3953 Valerianus
1237 3883 1268 3942 in

212 3983 337 4044 Rhaetia
352 3984 389 4043 ab
406 3985 545 4044 exercitu
561 3981 719 4060 Augustus
741 3989 788 4044 est
811 3983 987 4062 adpellalus.
1025 3983 1140 4044 Rornae
1164 3990 1268 4044 autem
