2634 4434
553 325 600 394 67

56 554 126 618 Nam
149 556 276 619 Romani
303 555 473 644 repentinis
501 576 594 638 saepe
621 560 755 622 bostium
778 561 990 642 eruptionibus
1012 580 1101 626 oom—

57 657 177 735 minuti‚
205 665 363 737 praeterea
391 660 423 721 in
451 658 589 721 hibernis
616 659 697 722 bella
730 662 844 739 sortiti,
877 660 1014 724 hiemare
1045 664 1102 726 snb
1309 664 1310 667 ’

54 756 197 836 pellibus,
225 765 378 838 postremo
405 760 515 822 famem
543 777 579 822 ac
607 758 704 842 frigus
727 762 759 822 in
780 769 948 842 conspectu
970 762 1103 824 bostium

54 860 168 938 perpeti
202 860 298 920 coacti
332 867 417 920 sunt:
456 860 563 922 urbem
597 863 780 940 novissime,
813 863 881 924 sine
915 862 977 923 ullo
1009 863 1103 944 digno

52 955 202 1021 Romanae
221 961 342 1022 virtutis
363 961 549 1040 testimonio,
573 963 725 1024 cuniculis
745 970 777 1025 et
796 963 989 1038 clandestina
1004 963 1102 1025 obre·
1144 953 1158 1062 (
1183 966 1310 1036 scema

53 1055 157 1136 ptione
168 1068 325 1140 ceperunt.
349 1061 433 1124 Hane
446 1063 551 1124 utilem
566 1064 663 1143 magis
676 1081 766 1141 quam
781 1062 916 1124 nobilem
931 1065 1101 1140 victoriam,
1309 1054 1310 1063 ’

50 1159 145 1237 primo
167 1161 331 1224 Dictatoris
354 1161 489 1239 Camilli,
521 1164 573 1241 qui
602 1181 669 1223 eam
697 1162 736 1224 de
759 1162 938 1242 Vejentibus
961 1165 1102 1242 patravit,

50 1261 208 1338 exsilium,
242 1262 353 1324 dehinc
386 1264 514 1342 irruptio
549 1261 703 1324 Gallorum
743 1271 774 1324 et
806 1262 982 1324 incendium
1015 1263 1102 1324 urbis

50 1359 238 1440 insequitur:
254 1365 311 1438 ,cui
334 1363 412 1424 eladi
441 1363 552 1424 audeat
580 1365 760 1442 quisquam,
788 1364 814 1423 si
838 1369 955 1442 potest,
981 1363 1103 1445 aliquos
1218 1417 1221 1422 .

48 1467 148 1522 motus
170 1465 315 1540 temporis
336 1462 426 1541 hujus
449 1481 639 1544 coroparare:
665 1463 804 1541 quamvis
824 1480 886 1523 non
902 1481 1002 1542 acque
1018 1479 1101 1542 pen·

46 1559 93 1622 dat
117 1562 279 1639 praeteriti
301 1561 372 1622 mali
395 1561 526 1624 fabulam
549 1564 719 1643 praesentis
742 1562 861 1640 injuria.
904 1563 1002 1643 lgitur
1023 1561 1102 1623 Galli

47 1659 205 1735 Senones,
229 1659 307 1722 duce
329 1660 467 1737 Brenno,
491 1663 630 1722 exercitu
652 1661 777 1740 copioso
799 1667 830 1721 et
851 1660 977 1723 robusto
1000 1662 1101 1736 nimis,

46 1777 114 1821 cum
139 1758 248 1820 urbem
273 1760 400 1836 Clusini,
423 1777 502 1838 quae
524 1776 607 1820 nunc
629 1761 739 1821 Tuscia
761 1758 884 1837 dicitur,
913 1759 1103 1840 obsiderent,

46 1858 166 1940 legatos
181 1859 384 1921 Romanorum
403 1856 468 1939 (qui
490 1866 564 1920 tunc
587 1859 817 1938 componendae
839 1861 920 1922 inter
942 1876 996 1922 eos
1017 1861 1103 1940 pacis

46 1961 144 2040 gratia
172 1957 332 2038 venerant)
361 1960 392 2020 in
420 1960 487 2022 acie
515 1960 677 2038 adversum
709 1976 745 2021 se
777 1960 883 2022 videre
915 1968 1102 2042 pugnantes:

47 2078 105 2138 qua
130 2060 342 2140 indignatione
370 2062 515 2140 permoti,
550 2060 667 2122 Clusini
694 2060 985 2140 oppidiobsidionc
1014 2057 1100 2142 [tlt]

46 2160 182 2236 dimissa,
205 2160 276 2222 totis
298 2158 416 2222 viribus
438 2160 563 2222 Romam
586 2161 786 2222 contendunt
825 2160 889 2222 llos
911 2163 951 2222 ita
973 2167 1102 2221 ruentes

46 2259 158 2322 Fabius
187 2279 256 2322 cum
286 2261 425 2322 exercitu
452 2260 560 2322 consul
588 2262 726 2340 excepit,
756 2277 815 2323 nec
842 2267 944 2322 tamen
972 2261 1099 2337 obstitit,
1141 2245 1297 2346 1ΨΜ·

46 2361 108 2421 imo
131 2361 232 2440 polius
254 2360 372 2422 hostilis
395 2360 447 2422 ille
470 2361 611 2442 impetus,
635 2361 724 2440 quasi
739 2361 853 2422 aridam
868 2353 1006 2440 segetem
1022 2379 1100 2421 suc-

48 2461 132 2538 cidit,
155 2462 262 2523 stravit
284 2467 315 2522 el
336 2461 463 2522 transiit.
501 2461 641 2520 Testatur
663 2459 742 2520 banc
756 2458 840 2519 Fabii
856 2459 973 2519 cladem
988 2458 1102 2519 fluvius

46 2559 145 2637 Allia,
174 2563 254 2622 sicul
282 2561 425 2622 Cremera
452 2559 621 2621 Fabiorum.
665 2557 734 2619 Non
761 2558 844 2619 enim
872 2557 963 2618 facile
990 2557 1103 2637 aliquis

47 2661 179 2722 similem
194 2662 312 2722 ruinam
328 2660 482 2722 Romanae
497 2660 622 2723 militiae
644 2665 832 2736 recenseret,
855 2660 993 2720 etiamsi
1007 2658 1102 2721 Roma

48 2762 176 2840 insuper
197 2761 324 2822 incensa
347 2777 408 2821 non
436 2768 526 2824 esset.
571 2760 727 2821 Patentem
757 2757 835 2820 Galli
862 2758 970 2820 urbem
998 2777 1101 2837 pene-

47 2867 144 2942 trant,
171 2861 324 2922 trucidant
345 2861 482 2943 rigentes
504 2859 849 2924 simulacrorummodo
871 2859 903 2920 iu
924 2860 990 2920 suis
1012 2859 1100 2920 sedi-

47 2958 106 3024 bus
128 2968 303 3025 senatores:
328 2979 444 3043 eosque
467 2961 610 3024 incendio
634 2960 792 3022 domorum
820 2967 986 3038 crematos,
1014 2961 1102 3039 lapsu

48 3063 216 3124 culminum
238 3078 364 3123 suorum
393 3063 555 3142 sepeliunt.
599 3061 779 3122 Universum
807 3061 957 3140 reliquam
980 3061 1101 3139 juveu-

47 3170 162 3244 tutem,
191 3179 283 3240 quam
310 3169 429 3226 constat
453 3163 506 3224 vix
528 3161 611 3223 mille
638 3160 796 3222 hominum
824 3168 897 3223 lunc
924 3159 1036 3237 luisse,
1070 3162 1102 3220 in

47 3280 120 3323 arce
149 3260 311 3340 Capitolini
343 3264 455 3325 montis
486 3261 671 3338 latitantem,
703 3259 865 3322 obsidione
896 3259 1100 3322 concludunt:
1171 3246 1176 3272 ²

47 3360 156 3441 ibique
179 3359 320 3425 infelices
341 3363 503 3443 reliquias,
526 3361 623 3437 fame,
646 3368 751 3438 peste,
774 3360 1004 3439 desperatione,
1032 3360 1101 3425 lor.-

49 3462 165 3524 midiue
194 3468 312 3540 terunt,
340 3463 502 3543 subigunt,
530 3462 682 3525 vendunt:
712 3479 781 3522 nam
809 3461 892 3523 mille
921 3461 1007 3529 libris
1035 3465 1102 3524 auri

47 3562 247 3624 discessionis
276 3565 406 3642 pretium
436 3565 646 3642 paciscuntur:
683 3580 745 3624 non
777 3563 860 3643 quod
892 3563 972 3642 apud
999 3562 1102 3623 Gallos

47 3660 143 3724 Roma
164 3663 250 3743 parvi
273 3663 404 3725 nominis
433 3661 542 3742 luerit,
570 3663 625 3726 sed
652 3664 734 3743 qnod
761 3663 842 3725 illam
871 3664 917 3724 sic
940 3665 1002 3743 jam
1030 3667 1101 3721 ante

48 3761 250 3841 detriverint,
277 3771 311 3825 ut
333 3765 461 3844 amplius
484 3771 557 3826 tune
580 3763 684 3826 valere
707 3779 769 3824 non
790 3770 902 3843 posset.
945 3759 1100 3822 Exeunti-

47 3859 107 3923 bus
130 3861 224 3926 Gallis
250 3870 439 3926 remanserat
467 3865 500 3926 in
527 3864 580 3926 illo
608 3861 761 3943 quondam
788 3862 878 3922 Urbis
904 3859 1019 3921 ambitu
1046 3861 1100 3922 in-

47 3959 191 4026 formium
215 3965 373 4026 ruinarum
389 3964 542 4026 obscoena
557 3963 732 4042 congeries,
754 3968 786 4023 et
800 3959 937 4038 undique
957 3959 1102 4039 impedita
