<?xml version="1.0" encoding="UTF-8"?>
<!DOCTYPE html PUBLIC "-//W3C//DTD XHTML 1.0 Transitional//EN"
    "http://www.w3.org/TR/xhtml1/DTD/xhtml1-transitional.dtd">
<html xmlns="http://www.w3.org/1999/xhtml" xml:lang="en" lang="en">
 <head>
  <title>
</title>
<meta http-equiv="Content-Type" content="text/html;charset=utf-8" />
  <meta name='ocr-system' content='tesseract 3.04.00' />
  <meta name='ocr-capabilities' content='ocr_page ocr_carea ocr_par ocr_line ocrx_word'/>
</head>
<body>
  <div class='ocr_page' id='page_1' title='image "./pauliorosiipres00havegoog_0313.png"; bbox 0 0 2634 4434; ppageno 0'>
   <div class='ocr_carea' id='block_1_1' title="bbox 616 330 734 434">
    <p class='ocr_par' dir='ltr' id='par_1_1' title="bbox 616 330 734 434">
     <span class='ocr_line' id='line_1_1' title="bbox 616 330 734 434; baseline 0 -34"><span class='ocrx_word' id='word_1_1' title='bbox 616 427 618 434; x_wconf 68' lang='lat'><strong>,</strong></span> <span class='ocrx_word' id='word_1_2' title='bbox 658 330 734 400; x_wconf 88' lang='lat'><strong>310</strong></span> 
     </span>
    </p>
   </div>
   <div class='ocr_carea' id='block_1_2' title="bbox 590 433 799 446">
    <p class='ocr_par' dir='ltr' id='par_1_2' title="bbox 590 433 799 446">
     <span class='ocr_line' id='line_1_2' title="bbox 590 433 799 446; baseline 0.005 -3"><span class='ocrx_word' id='word_1_3' title='bbox 590 433 799 446; x_wconf 53' lang='lat' dir='ltr'><strong>-na—-nnn—-t‘</strong></span> 
     </span>
    </p>
   </div>
   <div class='ocr_carea' id='block_1_3' title="bbox 137 565 1232 1252">
    <p class='ocr_par' dir='ltr' id='par_1_3' title="bbox 137 565 1232 1252">
     <span class='ocr_line' id='line_1_3' title="bbox 169 565 1230 647; baseline 0.004 -19"><span class='ocrx_word' id='word_1_4' title='bbox 169 565 291 628; x_wconf 90' lang='lat' dir='ltr'><strong>modum</strong></span> <span class='ocrx_word' id='word_1_5' title='bbox 315 565 437 643; x_wconf 90' lang='lat' dir='ltr'><strong>cadere,</strong></span> <span class='ocrx_word' id='word_1_6' title='bbox 460 566 636 646; x_wconf 88' lang='lat' dir='ltr'><strong>priusquam</strong></span> <span class='ocrx_word' id='word_1_7' title='bbox 657 567 876 647; x_wconf 74' lang='lat' dir='ltr'>impingerent,</span> <span class='ocrx_word' id='word_1_8' title='bbox 892 565 1088 642; x_wconf 81' lang='lat' dir='ltr'><strong>&#39;sinebantun</strong></span> <span class='ocrx_word' id='word_1_9' title='bbox 1135 569 1230 632; x_wconf 87' lang='lat' dir='ltr'><strong>Porro</strong></span> 
     </span>
     <span class='ocr_line' id='line_1_4' title="bbox 169 665 1232 748; baseline 0.004 -19"><span class='ocrx_word' id='word_1_10' title='bbox 169 674 271 729; x_wconf 90' lang='lat' dir='ltr'><strong>antem</strong></span> <span class='ocrx_word' id='word_1_11' title='bbox 294 665 384 727; x_wconf 89' lang='lat' dir='ltr'><strong>turbo</strong></span> <span class='ocrx_word' id='word_1_12' title='bbox 407 668 572 729; x_wconf 91' lang='lat' dir='ltr'><strong>continuus</strong></span> <span class='ocrx_word' id='word_1_13' title='bbox 593 684 646 728; x_wconf 91' lang='lat' dir='ltr'><strong>cra</strong></span> <span class='ocrx_word' id='word_1_14' title='bbox 669 674 856 748; x_wconf 77' lang='lat' dir='ltr'>pectoraque</span> <span class='ocrx_word' id='word_1_15' title='bbox 879 667 1011 730; x_wconf 87' lang='lat' dir='ltr'><strong>hostiurn</strong></span> <span class='ocrx_word' id='word_1_16' title='bbox 1035 686 1120 730; x_wconf 92' lang='lat' dir='ltr'><strong>nunc</strong></span> <span class='ocrx_word' id='word_1_17' title='bbox 1141 670 1232 733; x_wconf 78' lang='lat' dir='ltr'><strong>illisis</strong></span> 
     </span>
     <span class='ocr_line' id='line_1_5' title="bbox 170 763 1229 850; baseline 0.001 -18"><span class='ocrx_word' id='word_1_18' title='bbox 170 763 261 844; x_wconf 77' lang='lat' dir='ltr'><strong>[ent]</strong></span> <span class='ocrx_word' id='word_1_19' title='bbox 284 765 421 847; x_wconf 77' lang='lat' dir='ltr'><strong>grauiter</strong></span> <span class='ocrx_word' id='word_1_20' title='bbox 441 768 536 828; x_wconf 90' lang='lat' dir='ltr'><strong>scutis</strong></span> <span class='ocrx_word' id='word_1_21' title='bbox 558 767 777 845; x_wconf 86' lang='lat' dir='ltr'><strong>everberabat,</strong></span> <span class='ocrx_word' id='word_1_22' title='bbox 801 786 883 830; x_wconf 91' lang='lat' dir='ltr'><strong>nunc</strong></span> <span class='ocrx_word' id='word_1_23' title='bbox 906 769 1061 848; x_wconf 78' lang='lat' dir='ltr'><strong>impressis</strong></span> <span class='ocrx_word' id='word_1_24' title='bbox 1083 773 1229 850; x_wconf 88' lang='lat' dir='ltr'><strong>pertina-</strong></span> 
     </span>
     <span class='ocr_line' id='line_1_6' title="bbox 170 867 1230 954; baseline 0.004 -23"><span class='ocrx_word' id='word_1_25' title='bbox 170 871 249 932; x_wconf 88' lang='lat' dir='ltr'><strong>citer</strong></span> <span class='ocrx_word' id='word_1_26' title='bbox 270 868 424 928; x_wconf 88' lang='lat' dir='ltr'><strong>obstructa</strong></span> <span class='ocrx_word' id='word_1_27' title='bbox 447 867 623 945; x_wconf 91' lang='lat' dir='ltr'><strong>claudebat,</strong></span> <span class='ocrx_word' id='word_1_28' title='bbox 647 886 730 930; x_wconf 91' lang='lat' dir='ltr'><strong>nunc</strong></span> <span class='ocrx_word' id='word_1_29' title='bbox 759 868 874 954; x_wconf 89' lang='lat' dir='ltr'><strong>avulsis</strong></span> <span class='ocrx_word' id='word_1_30' title='bbox 902 869 1055 932; x_wconf 89' lang='lat' dir='ltr'><strong>violenter</strong></span> <span class='ocrx_word' id='word_1_31' title='bbox 1082 871 1230 935; x_wconf 81' lang='lat' dir='ltr'><strong>destituta</strong></span> 
     </span>
     <span class='ocr_line' id='line_1_7' title="bbox 137 969 1230 1050; baseline 0.002 -18"><span class='ocrx_word' id='word_1_32' title='bbox 137 984 140 989; x_wconf 83' lang='lat'>·</span> <span class='ocrx_word' id='word_1_33' title='bbox 170 969 318 1046; x_wconf 84' lang='lat' dir='ltr'><strong>nudabat,</strong></span> <span class='ocrx_word' id='word_1_34' title='bbox 353 985 435 1030; x_wconf 87' lang='lat' dir='ltr'><strong>nano</strong></span> <span class='ocrx_word' id='word_1_35' title='bbox 467 970 613 1048; x_wconf 91' lang='lat' dir='ltr'><strong>oppositis</strong></span> <span class='ocrx_word' id='word_1_36' title='bbox 641 969 761 1050; x_wconf 83' lang='lat' dir='ltr'><strong>jugiter</strong></span> <span class='ocrx_word' id='word_1_37' title='bbox 792 972 823 1030; x_wconf 94' lang='lat' dir='ltr'><strong>in</strong></span> <span class='ocrx_word' id='word_1_38' title='bbox 855 975 940 1050; x_wconf 81' lang='lat' dir='ltr'><strong>terga</strong></span> <span class='ocrx_word' id='word_1_39' title='bbox 973 969 1132 1032; x_wconf 87' lang='lat' dir='ltr'><strong>trudebat:</strong></span> <span class='ocrx_word' id='word_1_40' title='bbox 1167 973 1230 1034; x_wconf 87' lang='lat' dir='ltr'><strong>tela</strong></span> 
     </span>
     <span class='ocr_line' id='line_1_8' title="bbox 171 1067 1230 1152; baseline 0.002 -19"><span class='ocrx_word' id='word_1_41' title='bbox 171 1073 278 1146; x_wconf 88' lang='lat' dir='ltr'><strong>etiam,</strong></span> <span class='ocrx_word' id='word_1_42' title='bbox 309 1087 389 1148; x_wconf 89' lang='lat' dir='ltr'><strong>quae</strong></span> <span class='ocrx_word' id='word_1_43' title='bbox 422 1070 480 1148; x_wconf 91' lang='lat' dir='ltr'><strong>ipsi</strong></span> <span class='ocrx_word' id='word_1_44' title='bbox 508 1067 711 1132; x_wconf 88' lang='lat' dir='ltr'><strong>vehementer</strong></span> <span class='ocrx_word' id='word_1_45' title='bbox 737 1071 937 1147; x_wconf 78' lang='lat' dir='ltr'><strong>intorserant,</strong></span> <span class='ocrx_word' id='word_1_46' title='bbox 967 1069 1104 1152; x_wconf 77' lang='lat' dir='ltr'>excepte</span> <span class='ocrx_word' id='word_1_47' title='bbox 1126 1074 1230 1135; x_wconf 90' lang='lat' dir='ltr'><strong>ventis</strong></span> 
     </span>
     <span class='ocr_line' id='line_1_9' title="bbox 170 1170 1229 1252; baseline 0.001 -19"><span class='ocrx_word' id='word_1_48' title='bbox 170 1171 452 1252; x_wconf 88' lang='lat' dir='ltr'><strong>impetusupinata,</strong></span> <span class='ocrx_word' id='word_1_49' title='bbox 474 1188 512 1232; x_wconf 89' lang='lat' dir='ltr'><strong>ae</strong></span> <span class='ocrx_word' id='word_1_50' title='bbox 532 1176 699 1232; x_wconf 74' lang='lat' dir='ltr'><strong>retrorsum</strong></span> <span class='ocrx_word' id='word_1_51' title='bbox 724 1178 828 1234; x_wconf 86' lang='lat' dir='ltr'><strong>coacta</strong></span> <span class='ocrx_word' id='word_1_52' title='bbox 851 1171 932 1251; x_wconf 91' lang='lat' dir='ltr'><strong>ipsos</strong></span> <span class='ocrx_word' id='word_1_53' title='bbox 955 1170 1124 1234; x_wconf 81' lang='lat' dir='ltr'><strong>infeliciter</strong></span> <span class='ocrx_word' id='word_1_54' title='bbox 1146 1191 1229 1236; x_wconf 90' lang='lat' dir='ltr'><strong>oon-</strong></span> 
     </span>
    </p>
   </div>
   <div class='ocr_carea' id='block_1_4' title="bbox 46 1270 1229 1354">
    <p class='ocr_par' dir='ltr' id='par_1_4' title="bbox 46 1270 1229 1354">
     <span class='ocr_line' id='line_1_10' title="bbox 46 1270 1229 1354; baseline 0.003 -21"><span class='ocrx_word' id='word_1_55' title='bbox 46 1309 51 1318; x_wconf 81' lang='lat'><em>.</em></span> <span class='ocrx_word' id='word_1_56' title='bbox 169 1270 313 1354; x_wconf 82' lang='lat' dir='ltr'><strong>figebant.</strong></span> <span class='ocrx_word' id='word_1_57' title='bbox 357 1271 516 1352; x_wconf 77' lang='lat' dir='ltr'><strong>Prospexit</strong></span> <span class='ocrx_word' id='word_1_58' title='bbox 536 1271 597 1332; x_wconf 89' lang='lat' dir='ltr'><strong>sibi</strong></span> <span class='ocrx_word' id='word_1_59' title='bbox 618 1270 769 1334; x_wconf 87' lang='lat' dir='ltr'><strong>humanae</strong></span> <span class='ocrx_word' id='word_1_60' title='bbox 792 1272 1000 1334; x_wconf 90' lang='lat' dir='ltr'><strong>conscientiae</strong></span> <span class='ocrx_word' id='word_1_61' title='bbox 1022 1289 1133 1353; x_wconf 87' lang='lat' dir='ltr'><strong>pavor:</strong></span> <span class='ocrx_word' id='word_1_62' title='bbox 1158 1292 1229 1336; x_wconf 87' lang='lat' dir='ltr'><strong>nam</strong></span> 
     </span>
    </p>
   </div>
   <div class='ocr_carea' id='block_1_5' title="bbox 79 1371 1229 2963">
    <p class='ocr_par' dir='ltr' id='par_1_5' title="bbox 79 1371 1229 2963">
     <span class='ocr_line' id='line_1_11' title="bbox 171 1371 1228 1451; baseline 0 -15"><span class='ocrx_word' id='word_1_63' title='bbox 171 1375 319 1436; x_wconf 88' lang='lat' dir='ltr'><strong>continuo</strong></span> <span class='ocrx_word' id='word_1_64' title='bbox 340 1389 421 1450; x_wconf 86' lang='lat' dir='ltr'><strong>sose,</strong></span> <span class='ocrx_word' id='word_1_65' title='bbox 443 1389 536 1451; x_wconf 90' lang='lat' dir='ltr'><strong>parva</strong></span> <span class='ocrx_word' id='word_1_66' title='bbox 557 1388 683 1433; x_wconf 85' lang='lat' dir='ltr'><strong>snorum</strong></span> <span class='ocrx_word' id='word_1_67' title='bbox 707 1390 798 1434; x_wconf 89' lang='lat' dir='ltr'><strong>manu</strong></span> <span class='ocrx_word' id='word_1_68' title='bbox 820 1371 898 1450; x_wconf 88' lang='lat' dir='ltr'><strong>lusa,</strong></span> <span class='ocrx_word' id='word_1_69' title='bbox 922 1374 1032 1436; x_wconf 88' lang='lat' dir='ltr'><strong>victori</strong></span> <span class='ocrx_word' id='word_1_70' title='bbox 1054 1374 1228 1437; x_wconf 82' lang='lat' dir='ltr'><strong>Theodosio</strong></span> 
     </span>
     <span class='ocr_line' id='line_1_12' title="bbox 170 1471 1228 1555; baseline 0 -19"><span class='ocrx_word' id='word_1_71' title='bbox 170 1473 291 1536; x_wconf 82' lang='lat' dir='ltr'><strong>hostilis</strong></span> <span class='ocrx_word' id='word_1_72' title='bbox 312 1474 475 1552; x_wconf 87' lang='lat' dir='ltr'><strong>prostravit</strong></span> <span class='ocrx_word' id='word_1_73' title='bbox 496 1471 661 1534; x_wconf 86' lang='lat' dir='ltr'><strong>exercitus.</strong></span> <span class='ocrx_word' id='word_1_74' title='bbox 698 1472 857 1554; x_wconf 84' lang='lat' dir='ltr'><strong>Eugenius</strong></span> <span class='ocrx_word' id='word_1_75' title='bbox 880 1481 986 1553; x_wconf 90' lang='lat' dir='ltr'><strong>captus</strong></span> <span class='ocrx_word' id='word_1_76' title='bbox 1007 1481 1101 1555; x_wconf 90' lang='lat' dir='ltr'><strong>atque</strong></span> <span class='ocrx_word' id='word_1_77' title='bbox 1124 1477 1228 1538; x_wconf 89' lang='lat' dir='ltr'><strong>inter·</strong></span> 
     </span>
     <span class='ocr_line' id='line_1_13' title="bbox 170 1572 1228 1654; baseline 0.002 -18"><span class='ocrx_word' id='word_1_78' title='bbox 170 1573 272 1636; x_wconf 84' lang='lat' dir='ltr'><strong>fectus</strong></span> <span class='ocrx_word' id='word_1_79' title='bbox 295 1580 348 1635; x_wconf 86' lang='lat' dir='ltr'><strong>est.</strong></span> <span class='ocrx_word' id='word_1_80' title='bbox 392 1572 580 1654; x_wconf 77' lang='lat' dir='ltr'><strong>arbogastes</strong></span> <span class='ocrx_word' id='word_1_81' title='bbox 602 1590 657 1637; x_wconf 85' lang='lat' dir='ltr'><strong>sua</strong></span> <span class='ocrx_word' id='word_1_82' title='bbox 679 1589 714 1636; x_wconf 86' lang='lat' dir='ltr'><strong>se</strong></span> <span class='ocrx_word' id='word_1_83' title='bbox 741 1593 832 1636; x_wconf 89' lang='lat' dir='ltr'><strong>manu</strong></span> <span class='ocrx_word' id='word_1_84' title='bbox 861 1575 1000 1654; x_wconf 91' lang='lat' dir='ltr'><strong>perculit.</strong></span> <span class='ocrx_word' id='word_1_85' title='bbox 1045 1575 1089 1637; x_wconf 88' lang='lat' dir='ltr'><strong>lta</strong></span> <span class='ocrx_word' id='word_1_86' title='bbox 1118 1583 1151 1638; x_wconf 90' lang='lat' dir='ltr'><strong>et</strong></span> <span class='ocrx_word' id='word_1_87' title='bbox 1178 1576 1228 1638; x_wconf 89' lang='lat' dir='ltr'><strong>hie</strong></span> 
     </span>
     <span class='ocr_line' id='line_1_14' title="bbox 171 1673 1229 1757; baseline -0.002 -17"><span class='ocrx_word' id='word_1_88' title='bbox 171 1675 300 1740; x_wconf 86' lang='lat' dir='ltr'><strong>duorum</strong></span> <span class='ocrx_word' id='word_1_89' title='bbox 323 1675 482 1756; x_wconf 83' lang='lat' dir='ltr'><strong>sanguine</strong></span> <span class='ocrx_word' id='word_1_90' title='bbox 497 1673 611 1736; x_wconf 90' lang='lat' dir='ltr'><strong>bellurn</strong></span> <span class='ocrx_word' id='word_1_91' title='bbox 634 1675 728 1736; x_wconf 90' lang='lat' dir='ltr'><strong>civile</strong></span> <span class='ocrx_word' id='word_1_92' title='bbox 750 1676 930 1736; x_wconf 83' lang='lat' dir='ltr'><strong>restinctum</strong></span> <span class='ocrx_word' id='word_1_93' title='bbox 953 1682 1010 1752; x_wconf 91' lang='lat' dir='ltr'><strong>est,</strong></span> <span class='ocrx_word' id='word_1_94' title='bbox 1033 1675 1152 1757; x_wconf 84' lang='lat' dir='ltr'><strong>absque</strong></span> <span class='ocrx_word' id='word_1_95' title='bbox 1167 1678 1229 1740; x_wconf 91' lang='lat' dir='ltr'><strong>illis</strong></span> 
     </span>
     <span class='ocr_line' id='line_1_15' title="bbox 171 1774 1227 1855; baseline -0.001 -15"><span class='ocrx_word' id='word_1_96' title='bbox 171 1778 278 1840; x_wconf 89' lang='lat' dir='ltr'><strong>decem</strong></span> <span class='ocrx_word' id='word_1_97' title='bbox 307 1775 441 1837; x_wconf 90' lang='lat' dir='ltr'><strong>millibus</strong></span> <span class='ocrx_word' id='word_1_98' title='bbox 463 1774 649 1853; x_wconf 84' lang='lat' dir='ltr'><strong>Gothorum,</strong></span> <span class='ocrx_word' id='word_1_99' title='bbox 678 1793 755 1855; x_wconf 90' lang='lat' dir='ltr'><strong>quos</strong></span> <span class='ocrx_word' id='word_1_100' title='bbox 785 1777 968 1855; x_wconf 87' lang='lat' dir='ltr'><strong>praemissos</strong></span> <span class='ocrx_word' id='word_1_101' title='bbox 994 1796 1012 1838; x_wconf 87' lang='lat' dir='ltr'><strong>a</strong></span> <span class='ocrx_word' id='word_1_102' title='bbox 1042 1777 1227 1853; x_wconf 81' lang='lat' dir='ltr'><strong>Theodosio,</strong></span> 
     </span>
     <span class='ocr_line' id='line_1_16' title="bbox 170 1875 1229 1960; baseline -0.001 -19"><span class='ocrx_word' id='word_1_103' title='bbox 170 1878 359 1960; x_wconf 81' lang='lat' dir='ltr'><strong>Arbogastes</strong></span> <span class='ocrx_word' id='word_1_104' title='bbox 380 1877 501 1939; x_wconf 85' lang='lat' dir='ltr'><strong>deless’e</strong></span> <span class='ocrx_word' id='word_1_105' title='bbox 524 1875 661 1938; x_wconf 80' lang='lat' dir='ltr'><strong>funditus</strong></span> <span class='ocrx_word' id='word_1_106' title='bbox 684 1875 796 1953; x_wconf 87' lang='lat' dir='ltr'><strong>fertur,</strong></span> <span class='ocrx_word' id='word_1_107' title='bbox 826 1893 903 1955; x_wconf 92' lang='lat' dir='ltr'><strong>quos</strong></span> <span class='ocrx_word' id='word_1_108' title='bbox 926 1879 1033 1957; x_wconf 90' lang='lat' dir='ltr'><strong>utique</strong></span> <span class='ocrx_word' id='word_1_109' title='bbox 1058 1879 1229 1958; x_wconf 87' lang='lat' dir='ltr'><strong>perdidisse</strong></span> 
     </span>
     <span class='ocr_line' id='line_1_17' title="bbox 170 1976 1228 2056; baseline 0 -16"><span class='ocrx_word' id='word_1_110' title='bbox 170 1979 305 2056; x_wconf 90' lang='lat' dir='ltr'><strong>lucrum,</strong></span> <span class='ocrx_word' id='word_1_111' title='bbox 329 1985 360 2039; x_wconf 89' lang='lat' dir='ltr'><strong>et</strong></span> <span class='ocrx_word' id='word_1_112' title='bbox 382 1979 464 2038; x_wconf 92' lang='lat' dir='ltr'><strong>vinci</strong></span> <span class='ocrx_word' id='word_1_113' title='bbox 487 1979 612 2038; x_wconf 86' lang='lat' dir='ltr'><strong>vincere</strong></span> <span class='ocrx_word' id='word_1_114' title='bbox 635 1977 701 2040; x_wconf 89' lang='lat' dir='ltr'><strong>luit.</strong></span> <span class='ocrx_word' id='word_1_115' title='bbox 745 1976 812 2037; x_wconf 91' lang='lat' dir='ltr'><strong>Non</strong></span> <span class='ocrx_word' id='word_1_116' title='bbox 833 1978 947 2039; x_wconf 90' lang='lat' dir='ltr'><strong>insulto</strong></span> <span class='ocrx_word' id='word_1_117' title='bbox 970 1977 1228 2041; x_wconf 81' lang='lat' dir='ltr'><strong>obtrectatoribus</strong></span> 
     </span>
     <span class='ocr_line' id='line_1_18' title="bbox 171 2076 1226 2156; baseline -0.001 -15"><span class='ocrx_word' id='word_1_118' title='bbox 171 2081 292 2142; x_wconf 88' lang='lat' dir='ltr'><strong>nostris.</strong></span> <span class='ocrx_word' id='word_1_119' title='bbox 337 2077 436 2138; x_wconf 90' lang='lat' dir='ltr'><strong>Unum</strong></span> <span class='ocrx_word' id='word_1_120' title='bbox 466 2077 590 2156; x_wconf 82' lang='lat' dir='ltr'><strong>aliquod</strong></span> <span class='ocrx_word' id='word_1_121' title='bbox 620 2076 658 2138; x_wconf 92' lang='lat' dir='ltr'><strong>ab</strong></span> <span class='ocrx_word' id='word_1_122' title='bbox 692 2077 779 2138; x_wconf 88' lang='lat' dir='ltr'><strong>initio</strong></span> <span class='ocrx_word' id='word_1_123' title='bbox 812 2076 902 2139; x_wconf 88' lang='lat' dir='ltr'><strong>Urbis</strong></span> <span class='ocrx_word' id='word_1_124' title='bbox 936 2079 1078 2140; x_wconf 89' lang='lat' dir='ltr'><strong>conditae</strong></span> <span class='ocrx_word' id='word_1_125' title='bbox 1111 2080 1226 2140; x_wconf 87' lang='lat' dir='ltr'><strong>bellum</strong></span> 
     </span>
     <span class='ocr_line' id='line_1_19' title="bbox 170 2179 1227 2262; baseline 0 -20"><span class='ocrx_word' id='word_1_126' title='bbox 170 2180 343 2262; x_wconf 88' lang='lat' dir='ltr'><strong>proferant,</strong></span> <span class='ocrx_word' id='word_1_127' title='bbox 366 2187 426 2241; x_wconf 88' lang='lat' dir='ltr'><strong>tam</strong></span> <span class='ocrx_word' id='word_1_128' title='bbox 448 2179 498 2258; x_wconf 83' lang='lat' dir='ltr'><strong>pia</strong></span> <span class='ocrx_word' id='word_1_129' title='bbox 521 2179 705 2239; x_wconf 83' lang='lat' dir='ltr'><strong>necessitate</strong></span> <span class='ocrx_word' id='word_1_130' title='bbox 726 2183 918 2257; x_wconf 88' lang='lat' dir='ltr'><strong>susceptum,</strong></span> <span class='ocrx_word' id='word_1_131' title='bbox 941 2186 1000 2240; x_wconf 86' lang='lat' dir='ltr'><strong>tarn</strong></span> <span class='ocrx_word' id='word_1_132' title='bbox 1024 2181 1127 2242; x_wconf 86' lang='lat' dir='ltr'><strong>divina</strong></span> <span class='ocrx_word' id='word_1_133' title='bbox 1150 2179 1227 2242; x_wconf 88' lang='lat' dir='ltr'><strong>ieli-</strong></span> 
     </span>
     <span class='ocr_line' id='line_1_20' title="bbox 171 2267 1229 2360; baseline -0.002 -16"><span class='ocrx_word' id='word_1_134' title='bbox 171 2283 263 2344; x_wconf 90' lang='lat' dir='ltr'><strong>citate</strong></span> <span class='ocrx_word' id='word_1_135' title='bbox 293 2280 483 2357; x_wconf 87' lang='lat' dir='ltr'><strong>coniectum,</strong></span> <span class='ocrx_word' id='word_1_136' title='bbox 517 2287 576 2341; x_wconf 87' lang='lat' dir='ltr'><strong>tarn</strong></span> <span class='ocrx_word' id='word_1_137' title='bbox 604 2278 750 2340; x_wconf 88' lang='lat' dir='ltr'><strong>clementi</strong></span> <span class='ocrx_word' id='word_1_138' title='bbox 777 2267 968 2360; x_wconf 77' lang='lat' dir='ltr'><strong>benignitate</strong></span> <span class='ocrx_word' id='word_1_139' title='bbox 995 2282 1144 2360; x_wconf 89' lang='lat' dir='ltr'><strong>sopitum,</strong></span> <span class='ocrx_word' id='word_1_140' title='bbox 1173 2281 1229 2342; x_wconf 88' lang='lat' dir='ltr'><strong>ubi</strong></span> 
     </span>
     <span class='ocr_line' id='line_1_21' title="bbox 171 2378 1229 2463; baseline -0.003 -18"><span class='ocrx_word' id='word_1_141' title='bbox 171 2399 359 2463; x_wconf 79' lang='lat' dir='ltr'><strong>neepugna</strong></span> <span class='ocrx_word' id='word_1_142' title='bbox 385 2398 510 2461; x_wconf 60' lang='lat' dir='ltr'><strong>marem</strong></span> <span class='ocrx_word' id='word_1_143' title='bbox 538 2378 680 2456; x_wconf 89' lang='lat' dir='ltr'><strong>caedem,</strong></span> <span class='ocrx_word' id='word_1_144' title='bbox 716 2395 775 2440; x_wconf 87' lang='lat' dir='ltr'><strong>nee</strong></span> <span class='ocrx_word' id='word_1_145' title='bbox 801 2380 929 2442; x_wconf 89' lang='lat' dir='ltr'><strong>victoria</strong></span> <span class='ocrx_word' id='word_1_146' title='bbox 958 2389 1115 2442; x_wconf 86' lang='lat' dir='ltr'><strong>cruentam</strong></span> <span class='ocrx_word' id='word_1_147' title='bbox 1145 2401 1229 2443; x_wconf 90' lang='lat' dir='ltr'><strong>exe-</strong></span> 
     </span>
     <span class='ocr_line' id='line_1_22' title="bbox 170 2479 1229 2565; baseline 0.001 -22"><span class='ocrx_word' id='word_1_148' title='bbox 170 2485 252 2565; x_wconf 82' lang='lat' dir='ltr'><strong>gerit</strong></span> <span class='ocrx_word' id='word_1_149' title='bbox 273 2482 438 2544; x_wconf 85' lang='lat' dir='ltr'><strong>ultionem:</strong></span> <span class='ocrx_word' id='word_1_150' title='bbox 472 2486 504 2542; x_wconf 89' lang='lat' dir='ltr'><strong>et</strong></span> <span class='ocrx_word' id='word_1_151' title='bbox 530 2479 661 2542; x_wconf 84' lang='lat' dir='ltr'><strong>sortasse</strong></span> <span class='ocrx_word' id='word_1_152' title='bbox 689 2480 871 2557; x_wconf 90' lang='lat' dir='ltr'><strong>concedam,</strong></span> <span class='ocrx_word' id='word_1_153' title='bbox 900 2488 934 2542; x_wconf 89' lang='lat' dir='ltr'><strong>ut</strong></span> <span class='ocrx_word' id='word_1_154' title='bbox 962 2499 1022 2544; x_wconf 93' lang='lat' dir='ltr'><strong>non</strong></span> <span class='ocrx_word' id='word_1_155' title='bbox 1052 2481 1128 2544; x_wconf 88' lang='lat' dir='ltr'><strong>baec</strong></span> <span class='ocrx_word' id='word_1_156' title='bbox 1155 2481 1229 2544; x_wconf 84' lang='lat' dir='ltr'><strong>fidei</strong></span> 
     </span>
     <span class='ocr_line' id='line_1_23' title="bbox 172 2579 1229 2663; baseline -0.001 -18"><span class='ocrx_word' id='word_1_157' title='bbox 172 2583 335 2645; x_wconf 82' lang='lat' dir='ltr'><strong>Christiani</strong></span> <span class='ocrx_word' id='word_1_158' title='bbox 358 2582 445 2644; x_wconf 84' lang='lat' dir='ltr'><strong>drrcis</strong></span> <span class='ocrx_word' id='word_1_159' title='bbox 462 2597 612 2655; x_wconf 64' lang='lat' dir='ltr'><strong>vconcessa</strong></span> <span class='ocrx_word' id='word_1_160' title='bbox 635 2579 809 2657; x_wconf 88' lang='lat' dir='ltr'><strong>videantur,</strong></span> <span class='ocrx_word' id='word_1_161' title='bbox 833 2584 972 2663; x_wconf 90' lang='lat' dir='ltr'><strong>quemvis</strong></span> <span class='ocrx_word' id='word_1_162' title='bbox 988 2599 1046 2663; x_wconf 86' lang='lat' dir='ltr'><strong>ego</strong></span> <span class='ocrx_word' id='word_1_163' title='bbox 1061 2582 1120 2644; x_wconf 87' lang='lat' dir='ltr'><strong>hoc</strong></span> <span class='ocrx_word' id='word_1_164' title='bbox 1137 2585 1229 2645; x_wconf 91' lang='lat' dir='ltr'><strong>testi-</strong></span> 
     </span>
     <span class='ocr_line' id='line_1_24' title="bbox 172 2680 1227 2764; baseline 0 -20"><span class='ocrx_word' id='word_1_165' title='bbox 172 2687 275 2744; x_wconf 92' lang='lat' dir='ltr'><strong>monio</strong></span> <span class='ocrx_word' id='word_1_166' title='bbox 297 2699 359 2744; x_wconf 93' lang='lat' dir='ltr'><strong>non</strong></span> <span class='ocrx_word' id='word_1_167' title='bbox 382 2682 535 2757; x_wconf 88' lang='lat' dir='ltr'><strong>laborem,</strong></span> <span class='ocrx_word' id='word_1_168' title='bbox 565 2680 688 2760; x_wconf 86' lang='lat' dir='ltr'><strong>quando</strong></span> <span class='ocrx_word' id='word_1_169' title='bbox 710 2699 791 2742; x_wconf 89' lang='lat' dir='ltr'><strong>unus</strong></span> <span class='ocrx_word' id='word_1_170' title='bbox 813 2701 853 2744; x_wconf 87' lang='lat' dir='ltr'><strong>ex</strong></span> <span class='ocrx_word' id='word_1_171' title='bbox 875 2683 966 2762; x_wconf 92' lang='lat' dir='ltr'><strong>ipsis,</strong></span> <span class='ocrx_word' id='word_1_172' title='bbox 989 2687 1078 2762; x_wconf 82' lang='lat' dir='ltr'><strong>poeta</strong></span> <span class='ocrx_word' id='word_1_173' title='bbox 1101 2684 1227 2764; x_wconf 90' lang='lat' dir='ltr'><strong>quidem</strong></span> 
     </span>
     <span class='ocr_line' id='line_1_25' title="bbox 172 2781 1227 2865; baseline -0.001 -20"><span class='ocrx_word' id='word_1_174' title='bbox 172 2785 319 2860; x_wconf 84' lang='lat' dir='ltr'><strong>eximius,</strong></span> <span class='ocrx_word' id='word_1_175' title='bbox 347 2783 401 2846; x_wconf 89' lang='lat' dir='ltr'><strong>sed</strong></span> <span class='ocrx_word' id='word_1_176' title='bbox 424 2798 561 2865; x_wconf 79' lang='lat' dir='ltr'><strong>paganas</strong></span> <span class='ocrx_word' id='word_1_177' title='bbox 582 2781 864 2861; x_wconf 84' lang='lat' dir='ltr'><strong>pervicacissimus,</strong></span> <span class='ocrx_word' id='word_1_178' title='bbox 888 2781 1061 2862; x_wconf 90' lang='lat' dir='ltr'><strong>hujusmodi</strong></span> <span class='ocrx_word' id='word_1_179' title='bbox 1083 2783 1227 2845; x_wconf 87' lang='lat' dir='ltr'><strong>versibus</strong></span> 
     </span>
     <span class='ocr_line' id='line_1_26' title="bbox 79 2874 1034 2963; baseline -0.002 -17"><span class='ocrx_word' id='word_1_180' title='bbox 79 2874 82 2878; x_wconf 46' lang='lat'><strong><em>⁴</em></strong></span> <span class='ocrx_word' id='word_1_181' title='bbox 172 2892 203 2946; x_wconf 93' lang='lat' dir='ltr'><strong>et</strong></span> <span class='ocrx_word' id='word_1_182' title='bbox 224 2885 291 2946; x_wconf 86' lang='lat' dir='ltr'><strong>lteo</strong></span> <span class='ocrx_word' id='word_1_183' title='bbox 313 2891 346 2946; x_wconf 85' lang='lat' dir='ltr'><strong>et</strong></span> <span class='ocrx_word' id='word_1_184' title='bbox 366 2883 483 2947; x_wconf 85' lang='lat' dir='ltr'><strong>homini</strong></span> <span class='ocrx_word' id='word_1_185' title='bbox 505 2882 713 2952; x_wconf 85' lang='lat' dir='ltr'><strong>testimonium</strong></span> <span class='ocrx_word' id='word_1_186' title='bbox 736 2882 820 2960; x_wconf 87' lang='lat' dir='ltr'><strong>tulit,</strong></span> <span class='ocrx_word' id='word_1_187' title='bbox 844 2883 956 2963; x_wconf 86' lang='lat' dir='ltr'><strong>quibus</strong></span> <span class='ocrx_word' id='word_1_188' title='bbox 978 2885 1034 2946; x_wconf 89' lang='lat' dir='ltr'><strong>ait:</strong></span> 
     </span>
    </p>
   </div>
   <div class='ocr_carea' id='block_1_6' title="bbox 208 3041 1109 3275">
    <p class='ocr_par' dir='ltr' id='par_1_6' title="bbox 208 3041 1109 3275">
     <span class='ocr_line' id='line_1_27' title="bbox 276 3041 1109 3170; baseline -0.001 -16"><span class='ocrx_word' id='word_1_189' title='bbox 276 3085 306 3154; x_wconf 87' lang='lat'>0</span> <span class='ocrx_word' id='word_1_190' title='bbox 327 3085 471 3165; x_wconf 78' lang='lat' dir='ltr'><strong>nimium·</strong></span> <span class='ocrx_word' id='word_1_191' title='bbox 489 3086 611 3152; x_wconf 74' lang='lat' dir='ltr'><strong>dikete</strong></span> <span class='ocrx_word' id='word_1_192' title='bbox 631 3080 729 3154; x_wconf 84' lang='lat' dir='ltr'><strong>Deo!</strong></span> <span class='ocrx_word' id='word_1_193' title='bbox 756 3086 816 3153; x_wconf 85' lang='lat' dir='ltr'><strong>tibi</strong></span> <span class='ocrx_word' id='word_1_194' title='bbox 835 3089 959 3155; x_wconf 79' lang='lat' dir='ltr'><strong>midtol</strong></span> <span class='ocrx_word' id='word_1_195' title='bbox 974 3041 1109 3170; x_wconf 11' lang='lat' dir='ltr'><strong>ucetica,</strong></span> 
     </span>
     <span class='ocr_line' id='line_1_28' title="bbox 208 3187 1038 3275; baseline 0.001 -20"><span class='ocrx_word' id='word_1_196' title='bbox 208 3270 211 3275; x_wconf 19' lang='grc' dir='ltr'>Ι</span> <span class='ocrx_word' id='word_1_197' title='bbox 274 3189 327 3256; x_wconf 79' lang='lat' dir='ltr'><strong>itt</strong></span> <span class='ocrx_word' id='word_1_198' title='bbox 347 3187 515 3271; x_wconf 57' lang='lat' dir='ltr'><strong>mureti</strong></span> <span class='ocrx_word' id='word_1_199' title='bbox 535 3188 745 3254; x_wconf 77' lang='lat' dir='ltr'><strong>veniuntne</strong></span> <span class='ocrx_word' id='word_1_200' title='bbox 766 3189 915 3256; x_wconf 73' lang='lat' dir='ltr'><strong>classice</strong></span> <span class='ocrx_word' id='word_1_201' title='bbox 935 3192 1038 3256; x_wconf 79' lang='lat' dir='ltr'><strong>venti.</strong></span> 
     </span>
    </p>
   </div>
   <div class='ocr_carea' id='block_1_7' title="bbox 169 3396 1226 3685">
    <p class='ocr_par' dir='ltr' id='par_1_7' title="bbox 169 3396 1226 3685">
     <span class='ocr_line' id='line_1_29' title="bbox 171 3396 1226 3483; baseline -0.001 -20"><span class='ocrx_word' id='word_1_202' title='bbox 171 3396 259 3483; x_wconf 72' lang='lat' dir='ltr'><strong>[ani]</strong></span> <span class='ocrx_word' id='word_1_203' title='bbox 291 3400 336 3462; x_wconf 84' lang='lat' dir='ltr'><strong>lta</strong></span> <span class='ocrx_word' id='word_1_204' title='bbox 358 3400 487 3462; x_wconf 90' lang='lat' dir='ltr'><strong>caelitus</strong></span> <span class='ocrx_word' id='word_1_205' title='bbox 504 3397 674 3480; x_wconf 87' lang='lat' dir='ltr'><strong>judicatum</strong></span> <span class='ocrx_word' id='word_1_206' title='bbox 698 3405 745 3460; x_wconf 87' lang='lat' dir='ltr'><strong>est</strong></span> <span class='ocrx_word' id='word_1_207' title='bbox 767 3400 848 3461; x_wconf 90' lang='lat' dir='ltr'><strong>inter</strong></span> <span class='ocrx_word' id='word_1_208' title='bbox 874 3407 1005 3480; x_wconf 86' lang='lat' dir='ltr'><strong>partem,</strong></span> <span class='ocrx_word' id='word_1_209' title='bbox 1036 3401 1127 3462; x_wconf 91' lang='lat' dir='ltr'><strong>etiam</strong></span> <span class='ocrx_word' id='word_1_210' title='bbox 1157 3401 1226 3462; x_wconf 91' lang='lat' dir='ltr'><strong>sine</strong></span> 
     </span>
     <span class='ocr_line' id='line_1_30' title="bbox 169 3498 1226 3590; baseline 0 -26"><span class='ocrx_word' id='word_1_211' title='bbox 169 3502 323 3580; x_wconf 85' lang='lat' dir='ltr'><strong>praesidio</strong></span> <span class='ocrx_word' id='word_1_212' title='bbox 350 3501 506 3562; x_wconf 90' lang='lat' dir='ltr'><strong>bominum</strong></span> <span class='ocrx_word' id='word_1_213' title='bbox 533 3498 572 3561; x_wconf 87' lang='lat' dir='ltr'><strong>de</strong></span> <span class='ocrx_word' id='word_1_214' title='bbox 600 3500 667 3562; x_wconf 91' lang='lat' dir='ltr'><strong>solo</strong></span> <span class='ocrx_word' id='word_1_215' title='bbox 688 3500 754 3561; x_wconf 91' lang='lat' dir='ltr'><strong>Deo</strong></span> <span class='ocrx_word' id='word_1_216' title='bbox 781 3498 937 3590; x_wconf 87' lang='lat' dir='ltr'><strong>humiliter</strong></span> <span class='ocrx_word' id='word_1_217' title='bbox 968 3508 1160 3582; x_wconf 87' lang='lat' dir='ltr'><strong>sperantem,</strong></span> <span class='ocrx_word' id='word_1_218' title='bbox 1193 3510 1226 3564; x_wconf 88' lang='lat' dir='ltr'><strong>et</strong></span> 
     </span>
     <span class='ocr_line' id='line_1_31' title="bbox 170 3599 1224 3685; baseline 0 -22"><span class='ocrx_word' id='word_1_219' title='bbox 170 3610 285 3682; x_wconf 89' lang='lat' dir='ltr'><strong>partem</strong></span> <span class='ocrx_word' id='word_1_220' title='bbox 308 3602 556 3685; x_wconf 83' lang='lat' dir='ltr'><strong>arrogantissime</strong></span> <span class='ocrx_word' id='word_1_221' title='bbox 581 3599 620 3661; x_wconf 90' lang='lat' dir='ltr'><strong>de</strong></span> <span class='ocrx_word' id='word_1_222' title='bbox 647 3600 765 3662; x_wconf 88' lang='lat' dir='ltr'><strong>viribus</strong></span> <span class='ocrx_word' id='word_1_223' title='bbox 794 3602 859 3664; x_wconf 91' lang='lat' dir='ltr'><strong>suis</strong></span> <span class='ocrx_word' id='word_1_224' title='bbox 886 3599 982 3663; x_wconf 89' lang='lat' dir='ltr'><strong>etde</strong></span> <span class='ocrx_word' id='word_1_225' title='bbox 1009 3602 1099 3663; x_wconf 91' lang='lat' dir='ltr'><strong>idolis</strong></span> <span class='ocrx_word' id='word_1_226' title='bbox 1128 3618 1224 3681; x_wconf 90' lang='lat' dir='ltr'><strong>prae-</strong></span> 
     </span>
    </p>
   </div>
   <div class='ocr_carea' id='block_1_8' title="bbox 168 3701 1225 3881">
    <p class='ocr_par' dir='ltr' id='par_1_8' title="bbox 168 3701 1225 3881">
     <span class='ocr_line' id='line_1_32' title="bbox 169 3701 1225 3786; baseline 0.002 -23"><span class='ocrx_word' id='word_1_227' title='bbox 169 3709 349 3764; x_wconf 88' lang='lat' dir='ltr'><strong>sumentem.</strong></span> <span class='ocrx_word' id='word_1_228' title='bbox 394 3701 582 3786; x_wconf 79' lang='lat' dir='ltr'><strong>Tbcodosius</strong></span> <span class='ocrx_word' id='word_1_229' title='bbox 613 3707 733 3778; x_wconf 87' lang='lat' dir='ltr'><strong>autern,</strong></span> <span class='ocrx_word' id='word_1_230' title='bbox 766 3703 932 3782; x_wconf 88' lang='lat' dir='ltr'><strong>composita</strong></span> <span class='ocrx_word' id='word_1_231' title='bbox 965 3703 1225 3783; x_wconf 87' lang='lat' dir='ltr'><strong>tranquillataque</strong></span> 
     </span>
     <span class='ocr_line' id='line_1_33' title="bbox 168 3799 1120 3881; baseline 0 -17"><span class='ocrx_word' id='word_1_232' title='bbox 168 3799 352 3880; x_wconf 80' lang='lat' dir='ltr'><strong>Republica,</strong></span> <span class='ocrx_word' id='word_1_233' title='bbox 374 3803 453 3881; x_wconf 84' lang='lat' dir='ltr'><strong>apud</strong></span> <span class='ocrx_word' id='word_1_234' title='bbox 477 3800 681 3862; x_wconf 87' lang='lat' dir='ltr'><strong>llediolanum</strong></span> <span class='ocrx_word' id='word_1_235' title='bbox 704 3803 902 3880; x_wconf 86' lang='lat' dir='ltr'><strong>constitutus,</strong></span> <span class='ocrx_word' id='word_1_236' title='bbox 930 3802 1010 3866; x_wconf 89' lang='lat' dir='ltr'><strong>diem</strong></span> <span class='ocrx_word' id='word_1_237' title='bbox 1034 3803 1120 3864; x_wconf 89' lang='lat' dir='ltr'><strong>obiit.</strong></span> 
     </span>
    </p>
   </div>
   <div class='ocr_carea' id='block_1_9' title="bbox 0 0 1322 4434">
    <p class='ocr_par' dir='ltr' id='par_1_9' title="bbox 0 0 1322 4434">
     <span class='ocr_line' id='line_1_34' title="bbox 0 0 1322 4434; baseline 0 0"><span class='ocrx_word' id='word_1_238' title='bbox 0 0 1322 4434; x_wconf 95' lang='lat' dir='ltr'><strong> </strong></span> 
     </span>
    </p>
   </div>
  </div>
 </body>
</html>
