2634 4434
670 294 743 364 266

602 395 810 407 ...—.-——-

183 549 242 608 que
266 531 296 590 in
320 547 359 590 eo
380 530 468 590 annis
490 546 550 591 non
574 529 673 608 plenis
697 525 936 608 quatuordecim.
978 525 1042 608 Gaji
1066 526 1240 609 Caligulae,

184 625 272 704 [471]
300 628 445 690 avunculi
472 629 538 704 sui,
566 647 640 708 erga
669 630 769 690 omnia
796 629 871 689 vitia
893 646 928 689 ac
950 627 1068 690 scelera
1091 636 1241 706 sectator,

169 731 274 790 ‘immo
297 737 514 810 transgressor,
537 730 745 808 petulantiam,
769 728 937 804 libidinem,
964 726 1127 805 luxuriam,
1158 747 1241 790 ava-

182 832 300 904 ritiam,
322 830 534 892 crudelitatem
561 830 646 890 nullo
674 848 736 892 non
764 829 883 898 scelere
905 829 1060 904 exercuit,
1083 830 1242 908 siquidem

183 929 350 1010 petulantia
372 932 507 1010 percitus
529 932 632 992 omnia
653 921 750 1011 paene
770 929 876 991 ltaliae
898 947 933 990 ac
949 928 1096 992 Graeciae
1118 929 1243 991 theatra

183 1030 382 1111 perlustrans,
404 1031 543 1092 adsumto
566 1033 656 1092 etiam
680 1032 756 1094 varii
776 1032 905 1094 vestitus
921 1029 1084 1105 dedecore,
1107 1031 1243 1106 cerices,

185 1131 365 1206 citharistas,
393 1131 555 1211 tragoedos
573 1140 609 1213 et
630 1134 752 1214 aurigas
773 1149 866 1210 saepe
888 1130 1130 1209 sibisuperasse
1152 1132 1243 1191 visus

185 1241 241 1294 est.
268 1230 470 1314 ,Libidinious
493 1248 583 1310 porro
607 1233 697 1293 tantis
721 1233 892 1312 exagitatus
915 1237 972 1308 cst,
994 1237 1028 1290 ut
1050 1248 1090 1290 ne
1109 1249 1126 1290 a
1142 1235 1245 1290 matre

186 1334 310 1412 quidem
334 1331 385 1393 vel
410 1348 517 1392 sorore
544 1331 646 1394 ullave
675 1332 948 1413 consanguinitatis
974 1331 1149 1394 reverentia
1177 1329 1243 1390 ab·

186 1433 332 1494 stinuisse
357 1431 525 1510 referatur,
553 1435 652 1496 virum
676 1435 707 1494 in
730 1450 858 1494 uxorem
881 1433 1019 1507 duxerit,
1043 1433 1109 1510 ipse
1131 1449 1147 1492 a
1172 1431 1243 1490 viro

186 1538 221 1592 nt
242 1548 321 1592 uxor
342 1538 487 1611 acceptus
511 1533 568 1594 sit:
598 1533 753 1594 Luxuriae
781 1551 855 1595 vero
886 1540 945 1594 tam
974 1531 1142 1592 effrenatae
1170 1529 1244 1607 fuit,

186 1638 221 1692 ut
242 1630 359 1692 retibus
381 1633 483 1694 aureis
505 1634 685 1712 piscaretur,
709 1652 787 1713 quae
809 1633 970 1712 purpureis
990 1631 1115 1694 funibus
1130 1637 1244 1692 extra-

187 1731 355 1809 hebantur,
383 1728 503 1812 frigidis
525 1741 557 1794 et
578 1735 685 1796 calidis
707 1733 825 1796 lavaret
846 1734 1020 1814 unguentis.
1065 1732 1245 1806 Quietiora

188 1815 352 1909 nunquam
382 1833 482 1893 minus
519 1834 602 1894 mille
636 1836 772 1898 carrucis
804 1832 977 1895 confecisse
1011 1834 1071 1894 iter
1101 1832 1245 1893 traditur.

188 1931 331 2009 Denique
358 1930 447 1996 Urbis
474 1933 589 1995 Romae
615 1935 793 1996 incendium
820 1934 984 2013 voluptatis
1011 1950 1086 1994 suae
1115 1938 1246 2011 specta-

189 2029 292 2089 culum
314 2029 395 2092 fccit.
440 2033 497 2094 Per
518 2051 574 2094 sex
596 2037 678 2096 enirn
702 2035 767 2096 dies
789 2042 969 2114 septemque
996 2040 1103 2096 noctes
1130 2032 1247 2094 ardens

190 2129 297 2190 civitas
323 2131 427 2211 regios
453 2133 537 2212 pavit
564 2134 734 2213 adspectus.
778 2134 895 2196 Horrea
916 2135 1032 2214 quadro
1054 2141 1170 2196 structa
1193 2133 1247 2194 la-

189 2229 276 2308 pide,
309 2249 502 2312 magnaeque
531 2234 602 2296 illae
629 2241 770 2296 veterum
798 2235 932 2310 insulae,
963 2251 1038 2314 quas
1065 2235 1249 2296 discurrens

190 2330 275 2390 adire
303 2330 421 2393 flamma
448 2351 511 2394 non
539 2342 673 2414 poterat,
701 2336 819 2415 magnis
842 2336 1006 2410 machine,
1029 2335 1184 2414 quondam
1208 2334 1249 2396 ad

191 2436 320 2492 externa
349 2431 428 2495 bella
457 2437 659 2514 praeparatis,
693 2435 892 2497 labefactatae
919 2443 1012 2515 atque
1041 2435 1250 2496 inflammatae

190 2538 279 2605 sunt3
313 2533 351 2594 ad
384 2545 649 2598 monumentorum
683 2537 904 2616 bustorumque
931 2536 1099 2597 diversoria
1128 2533 1250 2596 infelici

192 2630 283 2711 plebe
306 2635 470 2712 compulsa.
516 2638 604 2710 Quod
627 2639 692 2716 ipsc
715 2656 755 2698 ex
777 2637 921 2699 altissima
943 2637 995 2697 illa
1016 2635 1249 2698 Maecenatiana

91 2773 96 2782 ·
193 2742 278 2798 turre
307 2743 519 2819 prospectans,
547 2737 709 2818 laetusque
736 2737 875 2799 flammae
903 2735 949 2818 (ut
971 2735 1081 2818 ajebat)
1105 2735 1248 2815 pulchri-

194 2838 313 2916 tudine,
336 2839 452 2918 tragico
473 2838 577 2900 babitu
600 2839 725 2900 lliadem
749 2839 936 2900 decantabat.
972 2837 1129 2898 Avaritiae
1146 2842 1249 2898 autem

195 2945 256 3000 tam
278 2945 459 3016 praeruptae
482 2939 608 3013 exstitit,
632 2947 664 2998 ut
685 2937 826 3016 posthoc
841 2937 1016 2999 incendium
1033 2936 1133 3012 Urbis,
1158 2953 1250 3015 quarn

195 3056 230 3122 se
252 3036 411 3117 Augustus
434 3054 474 3096 ex
494 3035 626 3100 lateritia
649 3056 848 3101 marmoream
871 3038 1042 3100 reddidisse
1066 3036 1250 3117 jactaverat,

196 3139 351 3199 neminem
367 3137 404 3198 ad
419 3137 566 3217 reliquias
580 3157 683 3200 rerum
699 3156 821 3201 suarum
834 3139 919 3200 adire
932 3138 1114 3218 permiserit,
1127 3143 1251 3212 cuncta,

196 3257 277 3318 quae
292 3238 429 3301 flammae
445 3256 569 3318 quoquo
586 3241 675 3301 modo
691 3239 917 3317 superfuerant,
929 3239 994 3316 ipse
1007 3238 1139 3300 abstulit.
1164 3235 1251 3298 Cen-

198 3335 288 3412 [472]
313 3339 371 3398 ties
393 3346 524 3401 centena
546 3341 640 3403 millia
663 3343 838 3402 sestertium
861 3357 961 3400 annua
987 3339 1024 3400 ad
1053 3353 1205 3416 expensas
1234 3353 1252 3396 a

198 3444 307 3498 senatu
329 3438 387 3500 sibi
410 3438 544 3501 conferri
567 3442 733 3520 imperavit.
777 3439 925 3502 Plurimos
947 3446 1140 3513 senatorum,
1168 3435 1252 3496 nulla

199 3545 338 3600 exstante
361 3557 462 3616 causa,
486 3541 574 3600 bonis
597 3541 735 3618 privavit.
780 3539 1009 3620 Negotiatorum
1036 3539 1172 3616 omniurn
1194 3534 1253 3596 sub

199 3661 259 3702 una
282 3640 348 3717 die,
372 3636 532 3702 tormentis
552 3659 676 3720 quoqne
699 3640 858 3715 adhibitis,
881 3657 1002 3700 omnem
1027 3639 1149 3718 penitus
1172 3653 1253 3697 cen-

200 3761 266 3804 sum
292 3741 442 3803 abstersit.
487 3740 681 3801 crudelitatis
709 3746 809 3800 autem
838 3739 922 3800 rabie
951 3740 992 3798 ita
1020 3737 1166 3798 efferatus
1197 3742 1254 3810 est,

200 3850 235 3901 ut
256 3843 414 3919 plurimam
437 3847 561 3902 senatus
584 3847 699 3919 partem
728 3838 936 3915 interfecerit,
965 3844 1141 3918 equestrem
1166 3836 1251 3925 ordi-

202 3958 273 4002 nem
295 3958 392 4017 paene
415 3941 595 4004 destituerit.
634 3939 695 4001 Sed
715 3955 754 4000 ne
770 3939 939 4018 parricidiis
956 3939 1079 4018 quidern
1096 3935 1256 4010 abstinuit,
