2634 4434
545 321 615 393 157

475 423 684 436 Ἣ

55 550 205 618 lecerunt
229 551 364 634 Busiris,
389 556 422 618 iu
443 556 588 642 Aegypto
608 561 842 642 peregrinorum
865 560 1031 632 infeliciter
1051 574 1107 636 in-

55 654 244 718 currentium
265 655 464 739 ,impiissimus
478 660 662 739 immolator,
685 661 896 726 crudelissima
910 666 992 730 circs
1006 671 1107 736 adro·-

51 769 106 814 urs
119 755 238 818 Dionae
252 755 400 820 'tauricae
414 758 515 840 litore,
530 762 587 824 sed
601 763 699 845 magis
714 779 800 826 sacra
816 764 965 844 crudelia,
981 769 1108 838 'thracis

51 871 119 914 cum
141 854 373 936 Polymnestore
393 875 452 922 suo
473 879 575 944 usque
596 865 634 926 cd
656 865 845 945 propinquos
867 865 1003 948 bospiter
1031 889 1107 936 sce·-

49 952 167 1019 lerant
210 955 249 1019 Et
276 977 319 1022 ne
347 960 580 1041 antiquitatibus
608 965 717 1028 uidear
746 966 916 1046 immorari,
944 972 1032 1035 testis
1059 981 1108 1037 est

48 1051 145 1120 Roma
168 1056 206 1120 de
228 1059 371 1140 Pompeio
393 1061 575 1141 interiecto,
603 1065 691 1126 testis
718 1063 878 1146 Aegyptus
904 1069 944 1131 de
972 1071 1108 1138 interie-

48 1161 133 1220 ctore
155 1157 341 1225 Ptolemaeo.

320 1368 324 1374 ’
419 1413 606 1551 capot
670 1413 728 1525 ιι.
1013 1457 1104 1540 ocor

64 1630 216 1714 Oresio,
242 1632 361 1713 utpote
382 1627 579 1747 Obristtcno
600 1636 744 1719 bomini,
770 1639 896 1724 ubique
915 1645 1032 1726 patria
1053 1651 1088 1719 et

334 1750 456 1816 peoors
478 1753 627 1804 secures
647 1758 824 1806 accessus.

131 1901 206 1964 Mihi
234 1908 337 1964 autern
365 1906 462 1984 prima
492 1907 718 1990 qualiscunque
748 1917 847 1972 motus
875 1911 1105 1991 perturbatione

46 2003 192 2086 fugienti,
216 2003 287 2082 quie
303 2003 341 2065 de
357 2003 556 2088 confugiendi
572 2012 705 2072 statione
720 2027 842 2088 securo,
865 2010 981 2092 ubique
997 2018 1104 2094 patrie,

47 2106 166 2184 ubique
188 2099 241 2164 lex
263 2111 295 2165 et
316 2104 425 2188 religio
448 2126 516 2170 mea
539 2116 600 2171 est:
626 2129 709 2173 nunc
729 2131 777 2173 rue
793 2110 898 2174 Africa
914 2117 973 2173 tent
997 2115 1103 2177 liben-

47 2214 94 2267 ter
117 2206 256 2285 excepit,
280 2223 370 2284 quam
393 2205 585 2272 confidenter
611 2214 743 2273 accessi:
773 2230 856 2274 curre
878 2229 944 2289 me,
968 2214 1104 2294 inquam,

48 2309 104 2369 isle
128 2303 234 2368 Africa
257 2307 379 2386 excepit
401 2325 476 2388 pace
499 2310 646 2391 simplici,
670 2313 739 2372 sinu
762 2311 901 2393 proprIo,
918 2313 991 2393 jure
1014 2332 1103 2376 conr-

47 2409 151 2487 muni,
174 2399 212 2470 de
235 2425 294 2487 que
316 2407 481 2489 aliquando
504 2411 618 2472 dictum
642 2419 673 2472 et
697 2429 771 2472 vere
794 2412 908 2472 dictum
932 2421 989 2488 est,

203 2627 247 2641 ·-
268 2628 309 2638 -
330 2591 492 2677 Hospitio
511 2592 734 2677 prohibemur
755 2609 895 2675 menae,

133 2692 231 2760 Bello
252 2695 352 2785 cient,
376 2696 556 2780 primoque
576 2699 697 2763 vetent
716 2696 907 2763 consistere
929 2700 1039 2765 terro.-
1141 2777 1145 2780 g

48 2883 138 2945 Nunc
165 2883 246 2945 aluo
273 2884 311 2945 ad
333 2883 544 2964 suscipiendos
565 2887 667 2948 socios
689 2883 848 2965 religionis
871 2889 902 2944 et
923 2885 1007 2964 pacis
1029 2901 1105 2950 suae

48 2983 236 3046 benevolum
258 2983 320 3046 tote
341 2986 492 3066 premium
520 2987 640 3065 pandit,
669 2992 763 3064 atque
785 2984 866 3046 ultro
888 2981 1003 3065 fessos,
1027 3003 1105 3068 quos

49 3083 170 3162 foveat,
192 3086 308 3148 invitet.
351 3085 492 3148 Latitudo
514 3085 666 3162 Orientis,
690 3085 908 3163 septentrionis
930 3088 1105 3166 copio'siteS,

49 3186 217 3248 meridiana
240 3186 374 3264 diffusio,
396 3201 576 3268 magnarum
591 3184 760 3247 insularum
775 3183 966 3264 largissimae
981 3186 1105 3249 tulissi-

49 3303 180 3366 macque
202 3288 311 3363 sedes,
334 3287 395 3348 mei
413 3286 492 3368 juris
521 3292 553 3348 et
580 3285 713 3347 nominis
742 3289 828 3344 suut:
856 3283 927 3362 quia
950 3283 988 3346 ed
1011 3283 1105 3350 chri-

49 3389 165 3450 stianos
192 3396 223 3450 et
251 3388 403 3449 Romanos
428 3387 583 3448 llomruus
605 3393 637 3447 et
658 3383 849 3445 Christianus
871 3383 993 3450 accedo.
1037 3386 1107 3452 Non

49 3491 144 3552 timeo
166 3489 241 3551 dees
262 3487 391 3567 hospitis
413 3488 484 3564 mci,
507 3488 687 3549 nontimeo
709 3483 891 3566 religionem
912 3487 982 3568 ejus
995 3503 1106 3554 necem

51 3607 160 3671 meam,
181 3607 244 3651 non
259 3588 358 3651 babeo
374 3588 478 3667 talem,
499 3605 592 3670 quern
616 3589 839 3669 pertimescam,
861 3585 975 3664 locum,
997 3588 1051 3649 ubi
1074 3593 1107 3650 et

52 3691 222 3769 possessori
242 3690 337 3752 liceat
360 3697 548 3771 perpetrare,
571 3689 655 3770 quod
682 3688 768 3766 relit,
798 3695 830 3750 et
851 3689 1016 3768 peregrino
1043 3697 1108 3750 nou

51 3790 143 3854 liceat
163 3791 328 3869 adbibere,
351 3789 434 3872 qnod
454 3791 614 3854 convenit:
638 3789 755 3852 ubisit
777 3791 830 3869 jus
855 3786 994 3865 hospitii,
1023 3785 1108 3865 qnod

52 3909 152 3954 meum
176 3894 308 3955 nonsit.
353 3890 437 3955 Unus
458 3894 558 3968 Deus,
582 3892 636 3971 qui
667 3887 870 3969 temporibus,
899 3883 1010 3962 quibus
1040 3887 1107 3966 ipse

51 3993 248 4057 innotescere
270 3994 383 4071 voluit,
405 3993 484 4056 banc
505 3991 596 4070 regni
625 3991 732 4052 statuit
759 3985 923 4058 unitatem,
952 3985 990 4046 ab
1019 3981 1107 4065 [289]

920 4099 950 4149 ιι
