2634 4434
565 285 665 423 31,Δ

486 439 694 452 -u—-n—

296 583 329 704 “,
405 570 603 710 Capul
653 573 775 710 itt
1046 571 1119 694 pm

65 759 230 846 lipihpm
259 760 429 827 ltieiomoe
459 761 706 832 Amazonume·
727 760 765 829 ite
796 778 865 848 otto
894 757 1114 846 praesentem

248 861 484 930 Romanorulm
504 866 703 932 eaecitatem
723 865 926 931 insectatur.

143 1000 221 1062 Proh
255 1001 357 1080 dolor,
392 1003 486 1082 pudet
519 1005 633 1066 erroris
666 1005 798 1066 humani.
843 1001 989 1066 Mulieres
1016 1003 1114 1084 patria

63 1100 208 1183 profugae
230 1101 380 1182 Europam
404 1110 497 1182 atque
518 1103 639 1182 Asiam,
663 1105 694 1166 id
716 1112 779 1181 est,
805 1103 951 1184 plurimas
973 1103 1111 1167 lortissi·

61 1217 186 1281 masque
209 1203 313 1264 mundi
336 1207 437 1282 partes
460 1204 668 1280 intraverunt,
692 1211 876 1286 pervagatae
899 1210 985 1280 sunt,
1019 1203 1111 1264 dele-

60 1309 181 1380 verunt,
197 1311 321 1364 centum
336 1321 435 1383 paene
450 1303 538 1365 annis
555 1303 723 1366 evertendo
740 1305 833 1366 urbes
848 1304 1000 1384 plurimas,
1016 1310 1110 1383 atque

59 1401 130 1463 alias
147 1403 374 1480 constituendo,
398 1410 579 1466 tenuerunt:
604 1422 662 1466 nec
678 1410 780 1466 tamma
795 1404 938 1466 miseriae
954 1403 1111 1465 hominum

59 1519 202 1579 pressura
225 1509 393 1581 temporum
416 1502 558 1583 deputata
584 1511 638 1568 est.
683 1503 772 1567 Modo
799 1513 901 1567 autem
930 1502 1026 1566 Getae
1056 1504 1111 1586 illi,

57 1603 107 1678 qui
133 1607 167 1662 et
191 1618 274 1662 nune
297 1599 397 1676 Gothi,
417 1619 494 1680 quos
510 1602 687 1666 Alexander
709 1605 868 1666 evitandos
891 1605 1110 1682 pronuntiavit,

56 1689 190 1780 Pyrrhus
214 1699 384 1790 euhorruit,
409 1699 520 1761 Caesar
542 1702 632 1762 etiam
655 1702 832 1780 declinavit,
853 1703 969 1763 relictis
990 1720 1110 1766 vacue-

57 1797 208 1880 factisque
232 1799 358 1862 sedibus
381 1801 455 1876 suis,
479 1819 515 1860 ac
538 1801 608 1861 totis
625 1801 743 1864 viribus
756 1809 800 1864 tot
814 1801 964 1864 Romanas
979 1802 1111 1884 ingressi

57 1901 241 1978 provincias,
269 1900 422 1980 simulque
444 1900 482 1961 ed
505 1906 652 1962 terrorem
678 1903 731 1964 diu
753 1903 908 1980 ostentati,
930 1904 1109 1964 societatem

56 1999 183 2063 Romani
211 2000 345 2062 foederis
372 2000 515 2080 precibus
543 2008 681 2080 sperant:
712 2021 802 2083 quam
830 2003 922 2064 armis
941 2003 1016 2064 vin·
1041 1999 1109 2087 [69]

56 2100 156 2164 dicere
181 2095 367 2181 potuissentss
392 2101 523 2181 exiguae
546 2100 741 2186 habitationis
764 2103 881 2179 sedem,
904 2120 966 2164 non
989 2121 1030 2164 ex
1050 2121 1108 2168 sua

56 2201 224 2274 electione,
252 2201 307 2263 sed
336 2219 377 2262 ex
404 2207 509 2262 nostro
533 2201 652 2280 judicio
674 2207 799 2284 rogant}
835 2202 947 2283 quihus
969 2203 1108 2282 subjecta

55 2308 84 2362 et
105 2308 231 2382 patente
254 2301 397 2362 universa
420 2307 510 2379 terra,
534 2319 741 2382 praesumere,
765 2322 855 2384 quam
879 2308 962 2364 esset
976 2302 1107 2381 libitum,

55 2399 185 2464 liberum
213 2401 289 2466 suit:¹
310 2403 491 2481 semetipsos
518 2404 554 2463 ad
579 2404 740 2465 tuitionem
762 2404 890 2465 Romani
911 2404 1002 2482 regui
1023 2403 1107 2464 olle-

55 2511 132 2582 runt,
157 2519 236 2582 quos
258 2501 340 2564 solos
362 2503 476 2563 invicta
498 2521 594 2582 regna
616 2503 794 2562 timuerunt.
830 2498 870 2560 m
891 2508 992 2562 tamen
1007 2519 1108 2562 caeca

56 2590 221 2683 gentilitas,
244 2622 313 2664 cum
336 2603 413 2664 haec
427 2602 561 2663 Romana
582 2602 696 2663 virtute
718 2606 803 2681 gesta
826 2616 889 2684 non
910 2599 1025 2677 videat,
1048 2599 1108 2662 lide

56 2702 258 2766 Romanorum
288 2705 436 2784 inpetrata
460 2721 521 2764 non
544 2703 651 2777 credit,
675 2719 734 2762 uec
755 2701 937 2782 adquiescit,
960 2719 1028 2764 cum
1052 2704 1106 2764 iu-

58 2805 188 2886 telligat,
225 2803 365 2865 confiteri
401 2800 553 2866 beneficio
591 2801 779 2863 Christianae
815 2803 976 2883 religionis
1014 2799 1106 2882 (quae

57 2913 215 2986 cognatam
238 2924 293 2987 per
314 2922 421 2967 omnes
443 2903 570 2985 populos
593 2901 683 2964 fidem
705 2902 819 2984 jungit)
849 2920 904 2965 eos
931 2904 1013 2964 viros
1039 2904 1108 2965 siue

56 3007 171 3083 praelio
194 3007 253 3068 sibi
275 3023 344 3068 esse
367 3005 537 3088 subjectos,
561 3007 690 3084 quorum
713 3003 847 3066 sominae
871 3001 1014 3085 majorem
1037 3011 1106 3068 ier-

56 3123 155 3169 rmum
180 3115 296 3188 partem
318 3107 465 3170 inmensis
488 3104 634 3166 caedibus
657 3103 849 3167 deleverunt.

304 3329 306 3336 ’
384 3357 573 3495 eaput
623 3352 771 3463 uuit.
977 3336 981 3345 ·
1040 3394 1106 3481 [to]

59 3553 109 3617 Dc
131 3554 236 3634 raptu
257 3547 427 3629 Helenor,
450 3549 483 3612 el
506 3545 634 3630 Trojae
662 3547 813 3627 excidio,
843 3567 921 3613 cum
945 3535 1107 3616 odoleni-

398 3651 490 3715 iz’one
511 3651 557 3715 ad
578 3647 770 3716 Lectorem.

32 3791 38 3803 ’
141 3794 183 3856 At
203 3810 278 3855 vcro
299 3799 372 3854 ‘anto
387 3791 499 3852 Urbem
515 3791 667 3853 comlitam
684 3789 872 3852 CCCCXXX.
891 3805 983 3864 anuo,
1006 3797 1109 3868 raptus
1190 3795 1195 3803 '

59 3893 204 3971 Helenae,
228 3894 398 3976 conjuratio
420 3891 618 3970 Graecorum,
641 3899 673 3953 et
692 3907 860 3952 concursus
876 3887 959 3948 mille
975 3893 1108 3973 narium,

59 3995 171 4058 dehinc
207 3995 355 4058 decennia
392 3993 527 4068 obsidio,
565 4011 601 4054 ac
633 3997 787 4072 postremo
819 3987 969 4049 laurosum
1000 3991 1110 4070 trojae
