2634 4434
506 303 576 373 187

435 405 642 417 uun—nn-—n

26 538 96 616 suis,
123 544 192 618 post
220 538 396 621 magnificas
426 539 531 619 epulas
560 539 709 621 largaque
735 540 844 620 pocula
873 548 1001 605 cunctos
1028 545 1067 607 ad

27 638 187 719 exemplum
220 640 269 703 sui
303 656 489 720 provocans,
523 640 633 703 hausto
667 657 791 702 veneno
822 641 980 703 absumtos
1008 650 1067 720 est,

25 739 133 801 cunctis
154 738 268 823 iactum
291 742 358 823 ejus
380 742 590 820 laudantibus,
617 742 674 803 sed
701 742 826 804 nemine
848 742 1067 824 subsequente.

24 838 105 901 Anno
125 841 163 903 ab
186 840 268 903 Urbe
294 842 415 905 condita
443 842 567 907 DcLXl.
596 861 666 905 curn
694 844 732 905 ad
760 843 946 907 obsidendos
973 843 1068 904 Porn-

11 939 98 1021 ,pejos
119 940 274 1005 Romanus
297 944 371 1005 isset
394 945 550 1006 exercitus
572 952 603 1005 et
625 945 797 1006 Postumius
811 943 954 1022 Albinus,
978 939 1068 1026 [339]

23 1042 63 1103 vir
83 1042 253 1107 consularis
274 1050 347 1105 tunc
369 1043 402 1105 L.
426 1042 529 1106 Sullae
551 1044 687 1124 legatus,
716 1045 902 1107 intolerabili
924 1045 1069 1125 superbia

23 1144 148 1208 omniurn
171 1144 203 1207 iu
230 1162 265 1207 se
291 1145 421 1207 militurn
448 1144 517 1205 odiu
546 1146 741 1223 suscitasset,
769 1145 921 1226 lapidibus
947 1146 1070 1208 occisum
1097 1145 1102 1148 ’

23 1250 68 1305 est.
105 1243 190 1307 Sulla
213 1246 323 1309 consul
341 1246 462 1307 civilem
485 1263 625 1309 cruorem
647 1263 708 1307 non
725 1248 785 1308 nisi
799 1246 903 1310 hostili
917 1247 1071 1327 sanguine

23 1344 129 1423 expiari
153 1362 243 1425 posse
266 1353 393 1409 testatus
416 1354 476 1409 est:
507 1348 595 1429 cujus
622 1349 669 1411 rei
697 1349 886 1409 conscientia
913 1354 1071 1427 permotus

22 1447 171 1509 exercitus
193 1446 235 1507 ita
256 1463 388 1527 pugnam
411 1448 534 1509 adortus
557 1455 614 1525 est,
636 1457 671 1511 ut
692 1448 752 1510 sibi
774 1438 988 1529 unusquisquis
1010 1464 1071 1527 pe-

21 1546 167 1607 reundum
190 1544 325 1621 videret,
348 1547 407 1607 nisi
428 1549 562 1609 vicisset.
606 1550 722 1609 Decem
745 1556 777 1610 et
797 1556 867 1611 octo
890 1549 984 1609 millia
1007 1548 1067 1610 Sa-

21 1646 156 1707 mnitium
180 1662 218 1708 eo
241 1645 358 1724 praelio
374 1662 462 1707 caesa
477 1653 562 1721 sunt3
586 1645 765 1707 lavantium
781 1664 916 1726 quoque,
932 1646 1070 1733 ltalicum

24 1744 138 1823 duoenr,
162 1751 193 1806 et
209 1763 352 1826 magnum
369 1746 463 1825 ipsius
479 1746 623 1825 populum
639 1754 820 1826 persecutus
835 1746 956 1809 occidit.
991 1746 1070 1805 Por·

22 1847 80 1908 cius
111 1845 185 1908 Cato
215 1845 324 1907 consul
354 1845 504 1907 Marianas
532 1847 635 1927 copias
657 1846 792 1925 habens,
818 1866 888 1909 cunr
916 1846 1072 1927 aliquanta

23 1953 142 2009 strenue
174 1947 339 2028 gessisset,
371 1946 520 2028 gloriatus
550 1954 613 2025 cst,
647 1945 681 2008 G.
710 1946 838 2021 Marium
866 1964 928 2011 non
957 1947 1071 2028 majora

23 2044 144 2109 iecisse:
177 2054 208 2109 et
230 2048 268 2109 ob
292 2046 361 2125 hoc,
384 2066 452 2111 curn
476 2046 513 2110 ad
536 2047 634 2112 lacurn
657 2047 805 2111 Fucinum
827 2056 933 2111 contra
955 2047 1071 2111 Marsos

24 2146 130 2209 bellum
153 2156 288 2231 gereret,
311 2166 327 2211 a
347 2148 412 2210 -fitio
436 2148 468 2211 C.
491 2148 578 2213 Marii
601 2152 631 2211 in
655 2149 788 2211 tumultu
809 2149 895 2225 belli,
922 2150 1011 2229 quasi
1032 2148 1070 2209 ab

24 2248 135 2310 incerto
169 2254 309 2326 auctore,
343 2256 512 2329 prostratus
545 2257 599 2313 est.
633 2233 677 2311 Ὀ.
706 2248 853 2311 Gabinius
886 2249 1006 2330 legatus
1038 2249 1071 2308 in

24 2350 245 2431 expugnatione
268 2348 422 2409 hostilium
447 2356 613 2411 castrorum
637 2349 819 2411 interiectus
846 2356 902 2410 est.
946 2348 1069 2410 Marru-

24 2449 79 2510 cini
94 2449 292 2529 Vestinique,
310 2447 445 2527 Sulpicio
465 2448 567 2527 legato
582 2449 717 2527 Pompeii
739 2456 956 2528 persequente,
980 2446 1071 2523 [340]

24 2552 127 2613 vastati
150 2556 231 2612 sunt.
275 2548 474 2628 Pompaedius
502 2554 533 2608 et
560 2546 720 2625 Obsidius,
749 2546 846 2609 ltaliei
873 2548 1074 2626 imperatores
1158 2580 1162 2591 ι

25 2640 188 2713 abeodem
212 2649 348 2729 Sulpicio
370 2648 449 2729 opud
471 2647 585 2709 flumen
608 2646 764 2711 Theatrum
790 2646 930 2710 horribili
956 2646 1074 2727 praelio

26 2752 156 2830 oppressi
179 2758 211 2813 et
232 2751 326 2831 occisi
348 2756 429 2813 sunt.
466 2748 625 2829 Pompejus
640 2748 788 2812 Asculum
804 2750 963 2829 ingressus
977 2765 1072 2827 prae-

25 2847 126 2930 lectus,
151 2851 360 2929 centuriones,
383 2857 572 2930 cunctosque
595 2836 750 2931 principes
771 2866 880 2912 eorum
900 2849 998 2929 virgis
1012 2866 1073 2909 ce-

26 2950 94 3013 cidit
120 2952 287 3032 securique
313 2953 481 3031 percussit,
507 2968 614 3015 servos
643 2951 850 3031 praedamque
870 2966 994 3012 omnem
1014 2948 1074 3011 sub

25 3048 104 3113 basta
126 3052 275 3129 vendidit,
298 3052 435 3133 reliquos
451 3052 565 3115 liberos
581 3052 718 3131 quidem,
739 3052 793 3113 sed
808 3051 908 3113 nudos
923 3058 955 3113 et
969 3069 1073 3131 egen-

27 3156 68 3213 tes
95 3154 181 3217 abire
208 3155 378 3235 praecepit:
411 3158 443 3215 et
471 3168 541 3212 oum
568 3149 607 3213 de
628 3150 687 3212 hac
707 3151 820 3230 praeda
842 3150 1075 3230 opitulationem

28 3250 153 3332 aliquam
186 3255 217 3315 in
248 3272 337 3317 usum
364 3250 510 3333 stipendii
535 3249 650 3332 publici
678 3256 805 3313 senatus
832 3248 901 3311 lore
926 3256 1074 3329 speraret,

29 3351 98 3415 nihil
113 3362 214 3417 tannen
229 3354 389 3437 Pompejus
412 3370 452 3415 ex
474 3370 511 3417 ea
533 3350 638 3433 egenti
660 3350 780 3413 aemrio
802 3350 939 3413 contulit.
976 3349 1073 3411 llam-

29 3468 85 3531 que
105 3456 214 3517 eodern
237 3461 391 3535 tempore,
421 3469 490 3515 cum
517 3452 639 3531 penitus
667 3449 849 3513 exhaustum
876 3459 959 3514 esset
980 3470 1074 3531 aera-

28 3553 101 3618 rium
134 3562 166 3617 et
199 3555 235 3618 ad
269 3553 454 3634 stipendium
487 3551 634 3615 frumenti
665 3552 789 3615 deesset
820 3570 972 3633 expensa,
1008 3552 1077 3611 loca

30 3652 155 3737 publica,
177 3673 257 3735 quae
280 3654 466 3718 incircuitu
489 3652 630 3735 Capitolii
655 3651 868 3733 pontificibus,
895 3650 1075 3732 auguribus,

32 3751 207 3819 decemviris
243 3762 275 3817 et
306 3755 479 3819 flaminibus
512 3757 544 3817 in
576 3754 802 3835 possessionem
836 3752 944 3813 tradita
977 3754 1076 3823 erant,
1178 3826 1186 3839 ς

33 3861 157 3933 cogente
178 3857 281 3935 inopia
303 3856 427 3921 vendita
448 3863 522 3921 sunt
543 3861 575 3916 et
600 3852 758 3915 sufficiens
785 3852 937 3931 pecuniae
958 3847 1077 3923 modus,

34 3954 81 4029 qui
107 3956 145 4018 ad
173 3964 292 4037 ternpus
322 3958 444 4037 inopiae
473 3954 610 4019 subsidio
640 3959 739 4031 esset,
766 3954 910 4028 acceptus
939 3954 995 4011 est.
1039 3947 1079 4009 Et
