<?xml version="1.0" encoding="UTF-8"?>
<!DOCTYPE html PUBLIC "-//W3C//DTD XHTML 1.0 Transitional//EN"
    "http://www.w3.org/TR/xhtml1/DTD/xhtml1-transitional.dtd">
<html xmlns="http://www.w3.org/1999/xhtml" xml:lang="en" lang="en">
 <head>
  <title>
</title>
<meta http-equiv="Content-Type" content="text/html;charset=utf-8" />
  <meta name='ocr-system' content='tesseract 3.04.00' />
  <meta name='ocr-capabilities' content='ocr_page ocr_carea ocr_par ocr_line ocrx_word'/>
</head>
<body>
  <div class='ocr_page' id='page_1' title='image "./pauliorosiipres00havegoog_0050.png"; bbox 0 0 2634 4434; ppageno 0'>
   <div class='ocr_carea' id='block_1_1' title="bbox 554 343 602 414">
    <p class='ocr_par' dir='ltr' id='par_1_1' title="bbox 554 343 602 414">
     <span class='ocr_line' id='line_1_1' title="bbox 554 343 602 414; baseline 0.021 -1"><span class='ocrx_word' id='word_1_1' title='bbox 554 343 602 414; x_wconf 81' lang='grc'>43</span> 
     </span>
    </p>
   </div>
   <div class='ocr_carea' id='block_1_2' title="bbox 29 576 1231 4069">
    <p class='ocr_par' dir='ltr' id='par_1_2' title="bbox 29 576 1231 4069">
     <span class='ocr_line' id='line_1_2' title="bbox 58 576 1106 658; baseline 0.004 -18"><span class='ocrx_word' id='word_1_2' title='bbox 58 595 131 658; x_wconf 86' lang='lat' dir='ltr'>quos</span> <span class='ocrx_word' id='word_1_3' title='bbox 153 577 279 641; x_wconf 88' lang='lat' dir='ltr'>foedare</span> <span class='ocrx_word' id='word_1_4' title='bbox 308 577 450 658; x_wconf 88' lang='lat' dir='ltr'>ludisque</span> <span class='ocrx_word' id='word_1_5' title='bbox 478 577 664 658; x_wconf 78' lang='lat' dir='ltr'>pellexerat,</span> <span class='ocrx_word' id='word_1_6' title='bbox 698 576 828 640; x_wconf 88' lang='lat' dir='ltr'>feminas</span> <span class='ocrx_word' id='word_1_7' title='bbox 853 584 914 640; x_wconf 74' lang='lat' dir='ltr'>mm</span> <span class='ocrx_word' id='word_1_8' title='bbox 942 577 1106 651; x_wconf 70' lang='lat' dir='ltr'>inhoneste</span> 
     </span>
     <span class='ocr_line' id='line_1_3' title="bbox 56 676 1104 759; baseline 0.002 -19"><span class='ocrx_word' id='word_1_9' title='bbox 56 679 251 758; x_wconf 76' lang='lat' dir='ltr'>praesumsit,</span> <span class='ocrx_word' id='word_1_10' title='bbox 280 696 370 759; x_wconf 91' lang='lat' dir='ltr'>quam</span> <span class='ocrx_word' id='word_1_11' title='bbox 398 677 518 742; x_wconf 78' lang='lat' dir='ltr'>nefarie</span> <span class='ocrx_word' id='word_1_12' title='bbox 545 676 692 740; x_wconf 81' lang='lat' dir='ltr'>defendit.</span> <span class='ocrx_word' id='word_1_13' title='bbox 736 678 853 740; x_wconf 86' lang='lat' dir='ltr'>Ducem</span> <span class='ocrx_word' id='word_1_14' title='bbox 876 694 982 739; x_wconf 92' lang='lat' dir='ltr'>eornm</span> <span class='ocrx_word' id='word_1_15' title='bbox 1004 679 1104 742; x_wconf 87' lang='lat' dir='ltr'>Titum</span> 
     </span>
     <span class='ocr_line' id='line_1_4' title="bbox 57 772 1165 866; baseline 0.004 -28"><span class='ocrx_word' id='word_1_16' title='bbox 57 778 187 857; x_wconf 89' lang='lat' dir='ltr'>Tatium,</span> <span class='ocrx_word' id='word_1_17' title='bbox 219 795 343 866; x_wconf 79' lang='lat' dir='ltr'>senem,</span> <span class='ocrx_word' id='word_1_18' title='bbox 377 779 514 842; x_wconf 89' lang='lat' dir='ltr'>honestis</span> <span class='ocrx_word' id='word_1_19' title='bbox 542 779 665 859; x_wconf 89' lang='lat' dir='ltr'>pietatis</span> <span class='ocrx_word' id='word_1_20' title='bbox 682 772 794 840; x_wconf 79' lang='lat' dir='ltr'>‘causis</span> <span class='ocrx_word' id='word_1_21' title='bbox 820 779 1030 857; x_wconf 85' lang='lat' dir='ltr'>insistentem,</span> <span class='ocrx_word' id='word_1_22' title='bbox 1051 780 1106 842; x_wconf 92' lang='lat' dir='ltr'>diu</span> <span class='ocrx_word' id='word_1_23' title='bbox 1161 849 1165 858; x_wconf 29' lang='lat'><strong>¹</strong></span> 
     </span>
     <span class='ocr_line' id='line_1_5' title="bbox 56 878 1106 961; baseline 0 -20"><span class='ocrx_word' id='word_1_24' title='bbox 56 881 145 941; x_wconf 89' lang='lat' dir='ltr'>armis</span> <span class='ocrx_word' id='word_1_25' title='bbox 167 879 388 960; x_wconf 80' lang='lat' dir='ltr'>propulsatum,</span> <span class='ocrx_word' id='word_1_26' title='bbox 411 897 483 942; x_wconf 86' lang='lat' dir='ltr'>mox</span> <span class='ocrx_word' id='word_1_27' title='bbox 503 885 538 941; x_wconf 93' lang='lat' dir='ltr'>nt</span> <span class='ocrx_word' id='word_1_28' title='bbox 560 881 592 942; x_wconf 92' lang='lat' dir='ltr'>in</span> <span class='ocrx_word' id='word_1_29' title='bbox 614 879 793 941; x_wconf 89' lang='lat' dir='ltr'>societatem</span> <span class='ocrx_word' id='word_1_30' title='bbox 814 879 904 961; x_wconf 81' lang='lat' dir='ltr'>regni</span> <span class='ocrx_word' id='word_1_31' title='bbox 927 878 1106 960; x_wconf 90' lang='lat' dir='ltr'>adsumpsit,</span> 
     </span>
     <span class='ocr_line' id='line_1_6' title="bbox 57 979 1106 1061; baseline 0.003 -21"><span class='ocrx_word' id='word_1_32' title='bbox 57 979 173 1044; x_wconf 84' lang='lat' dir='ltr'>occidit</span> <span class='ocrx_word' id='word_1_33' title='bbox 218 979 292 1040; x_wconf 84' lang='lat' dir='ltr'>Cum</span> <span class='ocrx_word' id='word_1_34' title='bbox 314 979 496 1061; x_wconf 89' lang='lat' dir='ltr'>Vejenlibus</span> <span class='ocrx_word' id='word_1_35' title='bbox 524 979 689 1060; x_wconf 92' lang='lat' dir='ltr'>praelium,</span> <span class='ocrx_word' id='word_1_36' title='bbox 722 979 822 1042; x_wconf 86' lang='lat' dir='ltr'>adbuc</span> <span class='ocrx_word' id='word_1_37' title='bbox 848 996 944 1060; x_wconf 85' lang='lat' dir='ltr'>parvo</span> <span class='ocrx_word' id='word_1_38' title='bbox 969 981 1106 1059; x_wconf 89' lang='lat' dir='ltr'>nomine,</span> 
     </span>
     <span class='ocr_line' id='line_1_7' title="bbox 52 1078 1106 1162; baseline 0.002 -21"><span class='ocrx_word' id='word_1_39' title='bbox 52 1081 112 1160; x_wconf 88' lang='lat' dir='ltr'>jam</span> <span class='ocrx_word' id='word_1_40' title='bbox 142 1081 260 1161; x_wconf 84' lang='lat' dir='ltr'>magnis</span> <span class='ocrx_word' id='word_1_41' title='bbox 288 1079 423 1157; x_wconf 90' lang='lat' dir='ltr'>viribus,</span> <span class='ocrx_word' id='word_1_42' title='bbox 453 1079 609 1162; x_wconf 84' lang='lat' dir='ltr'>agitatum.</span> <span class='ocrx_word' id='word_1_43' title='bbox 655 1078 894 1142; x_wconf 79' lang='lat' dir='ltr'>caeninensium</span> <span class='ocrx_word' id='word_1_44' title='bbox 921 1087 1041 1160; x_wconf 88' lang='lat' dir='ltr'>captum</span> <span class='ocrx_word' id='word_1_45' title='bbox 1069 1099 1106 1143; x_wconf 90' lang='lat' dir='ltr'>ac</span> 
     </span>
     <span class='ocr_line' id='line_1_8' title="bbox 55 1178 1105 1260; baseline 0.002 -20"><span class='ocrx_word' id='word_1_46' title='bbox 55 1179 187 1242; x_wconf 89' lang='lat' dir='ltr'>dirutum</span> <span class='ocrx_word' id='word_1_47' title='bbox 210 1179 361 1259; x_wconf 83' lang='lat' dir='ltr'>oppidum.</span> <span class='ocrx_word' id='word_1_48' title='bbox 398 1178 575 1260; x_wconf 86' lang='lat' dir='ltr'>Adsumptis</span> <span class='ocrx_word' id='word_1_49' title='bbox 589 1178 687 1242; x_wconf 88' lang='lat' dir='ltr'>semel</span> <span class='ocrx_word' id='word_1_50' title='bbox 702 1180 804 1256; x_wconf 90' lang='lat' dir='ltr'>armis,</span> <span class='ocrx_word' id='word_1_51' title='bbox 827 1196 982 1260; x_wconf 86' lang='lat' dir='ltr'>nunquam</span> <span class='ocrx_word' id='word_1_52' title='bbox 999 1181 1105 1260; x_wconf 87' lang='lat' dir='ltr'>quies:</span> 
     </span>
     <span class='ocr_line' id='line_1_9' title="bbox 55 1278 1107 1360; baseline 0 -19"><span class='ocrx_word' id='word_1_53' title='bbox 55 1281 168 1360; x_wconf 85' lang='lat' dir='ltr'>quippe</span> <span class='ocrx_word' id='word_1_54' title='bbox 191 1279 304 1360; x_wconf 88' lang='lat' dir='ltr'>quibus</span> <span class='ocrx_word' id='word_1_55' title='bbox 326 1286 448 1358; x_wconf 85' lang='lat' dir='ltr'>egestas</span> <span class='ocrx_word' id='word_1_56' title='bbox 470 1281 582 1360; x_wconf 87' lang='lat' dir='ltr'>turpis,</span> <span class='ocrx_word' id='word_1_57' title='bbox 614 1285 708 1360; x_wconf 83' lang='lat' dir='ltr'>atque</span> <span class='ocrx_word' id='word_1_58' title='bbox 730 1279 885 1343; x_wconf 88' lang='lat' dir='ltr'>obscoena</span> <span class='ocrx_word' id='word_1_59' title='bbox 906 1278 1004 1342; x_wconf 91' lang='lat' dir='ltr'>fames</span> <span class='ocrx_word' id='word_1_60' title='bbox 1024 1279 1107 1342; x_wconf 89' lang='lat' dir='ltr'>domi</span> 
     </span>
     <span class='ocr_line' id='line_1_10' title="bbox 55 1379 1106 1462; baseline 0.002 -22"><span class='ocrx_word' id='word_1_61' title='bbox 55 1381 254 1458; x_wconf 88' lang='lat' dir='ltr'>timerentur,</span> <span class='ocrx_word' id='word_1_62' title='bbox 283 1379 310 1440; x_wconf 93' lang='lat' dir='ltr'>si</span> <span class='ocrx_word' id='word_1_63' title='bbox 337 1397 472 1460; x_wconf 87' lang='lat' dir='ltr'>unquam</span> <span class='ocrx_word' id='word_1_64' title='bbox 494 1383 562 1462; x_wconf 85' lang='lat' dir='ltr'>paci</span> <span class='ocrx_word' id='word_1_65' title='bbox 584 1381 825 1461; x_wconf 87' lang='lat' dir='ltr'>adquievissent.</span> <span class='ocrx_word' id='word_1_66' title='bbox 868 1379 934 1443; x_wconf 82' lang='lat' dir='ltr'>lam</span> <span class='ocrx_word' id='word_1_67' title='bbox 957 1381 1030 1444; x_wconf 88' lang='lat' dir='ltr'>bine</span> <span class='ocrx_word' id='word_1_68' title='bbox 1050 1381 1106 1443; x_wconf 93' lang='lat' dir='ltr'>in-</span> 
     </span>
     <span class='ocr_line' id='line_1_11' title="bbox 54 1477 1106 1562; baseline 0.003 -22"><span class='ocrx_word' id='word_1_69' title='bbox 54 1479 216 1542; x_wconf 88' lang='lat' dir='ltr'>cessabilia</span> <span class='ocrx_word' id='word_1_70' title='bbox 247 1480 431 1558; x_wconf 88' lang='lat' dir='ltr'>certamina,</span> <span class='ocrx_word' id='word_1_71' title='bbox 468 1489 500 1543; x_wconf 91' lang='lat' dir='ltr'>et</span> <span class='ocrx_word' id='word_1_72' title='bbox 531 1484 615 1562; x_wconf 84' lang='lat' dir='ltr'>juxta</span> <span class='ocrx_word' id='word_1_73' title='bbox 649 1484 850 1562; x_wconf 87' lang='lat' dir='ltr'>quantitatem</span> <span class='ocrx_word' id='word_1_74' title='bbox 885 1482 998 1545; x_wconf 84' lang='lat' dir='ltr'>virium</span> <span class='ocrx_word' id='word_1_75' title='bbox 1036 1477 1106 1556; x_wconf 82' lang='grc'><strong>[94]</strong></span> 
     </span>
     <span class='ocr_line' id='line_1_12' title="bbox 54 1579 1106 1659; baseline 0.001 -18"><span class='ocrx_word' id='word_1_76' title='bbox 54 1596 180 1659; x_wconf 87' lang='lat' dir='ltr'>semper</span> <span class='ocrx_word' id='word_1_77' title='bbox 205 1580 326 1658; x_wconf 85' lang='lat' dir='ltr'>gravia,</span> <span class='ocrx_word' id='word_1_78' title='bbox 352 1596 442 1658; x_wconf 88' lang='lat' dir='ltr'>quam</span> <span class='ocrx_word' id='word_1_79' title='bbox 464 1579 645 1643; x_wconf 87' lang='lat' dir='ltr'>brevissime</span> <span class='ocrx_word' id='word_1_80' title='bbox 667 1583 853 1644; x_wconf 82' lang='lat' dir='ltr'>strinxerim.</span> <span class='ocrx_word' id='word_1_81' title='bbox 896 1582 1015 1644; x_wconf 88' lang='lat' dir='ltr'>Tullum</span> <span class='ocrx_word' id='word_1_82' title='bbox 1038 1581 1106 1642; x_wconf 89' lang='lat' dir='ltr'>llo-</span> 
     </span>
     <span class='ocr_line' id='line_1_13' title="bbox 54 1675 1109 1756; baseline 0.001 -16"><span class='ocrx_word' id='word_1_83' title='bbox 54 1680 187 1755; x_wconf 87' lang='lat' dir='ltr'>stilium,</span> <span class='ocrx_word' id='word_1_84' title='bbox 216 1675 355 1739; x_wconf 86' lang='lat' dir='ltr'>militaris</span> <span class='ocrx_word' id='word_1_85' title='bbox 382 1678 428 1738; x_wconf 94' lang='lat' dir='ltr'>rei</span> <span class='ocrx_word' id='word_1_86' title='bbox 457 1679 679 1756; x_wconf 89' lang='lat' dir='ltr'>institutorem,</span> <span class='ocrx_word' id='word_1_87' title='bbox 707 1680 817 1742; x_wconf 86' lang='lat' dir='ltr'>fiducia</span> <span class='ocrx_word' id='word_1_88' title='bbox 844 1681 926 1742; x_wconf 91' lang='lat' dir='ltr'>bene</span> <span class='ocrx_word' id='word_1_89' title='bbox 953 1682 1109 1742; x_wconf 81' lang='lat' dir='ltr'>exercitae</span> 
     </span>
     <span class='ocr_line' id='line_1_14' title="bbox 51 1774 1109 1861; baseline -0.002 -19"><span class='ocrx_word' id='word_1_90' title='bbox 51 1778 241 1861; x_wconf 90' lang='lat' dir='ltr'>juventutis,</span> <span class='ocrx_word' id='word_1_91' title='bbox 274 1774 401 1838; x_wconf 82' lang='lat' dir='ltr'>Albanis</span> <span class='ocrx_word' id='word_1_92' title='bbox 431 1775 733 1853; x_wconf 65' lang='lat' dir='ltr'>intulisse-bellum</span> <span class='ocrx_word' id='word_1_93' title='bbox 767 1785 799 1840; x_wconf 91' lang='lat' dir='ltr'>et</span> <span class='ocrx_word' id='word_1_94' title='bbox 832 1778 885 1841; x_wconf 88' lang='lat' dir='ltr'>diu</span> <span class='ocrx_word' id='word_1_95' title='bbox 915 1779 1109 1857; x_wconf 87' lang='lat' dir='ltr'>altrinsecus,</span> 
     </span>
     <span class='ocr_line' id='line_1_15' title="bbox 55 1876 1110 1960; baseline 0.001 -21"><span class='ocrx_word' id='word_1_96' title='bbox 55 1896 108 1960; x_wconf 88' lang='lat' dir='ltr'>spe</span> <span class='ocrx_word' id='word_1_97' title='bbox 130 1880 260 1954; x_wconf 87' lang='lat' dir='ltr'>incerta,</span> <span class='ocrx_word' id='word_1_98' title='bbox 283 1884 366 1939; x_wconf 90' lang='lat' dir='ltr'>certa</span> <span class='ocrx_word' id='word_1_99' title='bbox 389 1876 487 1954; x_wconf 87' lang='lat' dir='ltr'>clade,</span> <span class='ocrx_word' id='word_1_100' title='bbox 510 1877 631 1939; x_wconf 86' lang='lat' dir='ltr'>tandem</span> <span class='ocrx_word' id='word_1_101' title='bbox 654 1879 803 1958; x_wconf 91' lang='lat' dir='ltr'>pessimos</span> <span class='ocrx_word' id='word_1_102' title='bbox 825 1881 926 1942; x_wconf 85' lang='lat' dir='ltr'>exitus</span> <span class='ocrx_word' id='word_1_103' title='bbox 948 1886 980 1942; x_wconf 92' lang='lat' dir='ltr'>et</span> <span class='ocrx_word' id='word_1_104' title='bbox 998 1878 1110 1941; x_wconf 90' lang='lat' dir='ltr'>dubios</span> 
     </span>
     <span class='ocr_line' id='line_1_16' title="bbox 57 1977 1109 2061; baseline 0.002 -21"><span class='ocrx_word' id='word_1_105' title='bbox 57 1985 188 2040; x_wconf 89' lang='lat' dir='ltr'>eventus</span> <span class='ocrx_word' id='word_1_106' title='bbox 221 1977 437 2058; x_wconf 78' lang='lat' dir='ltr'>compendiosa</span> <span class='ocrx_word' id='word_1_107' title='bbox 466 1977 719 2059; x_wconf 86' lang='lat' dir='ltr'>Tergeminorum</span> <span class='ocrx_word' id='word_1_108' title='bbox 748 1981 967 2061; x_wconf 81' lang='lat' dir='ltr'>congressione</span> <span class='ocrx_word' id='word_1_109' title='bbox 995 1979 1109 2042; x_wconf 87' lang='lat' dir='ltr'>finisse.</span> 
     </span>
     <span class='ocr_line' id='line_1_17' title="bbox 56 2075 1109 2158; baseline 0.003 -20"><span class='ocrx_word' id='word_1_110' title='bbox 56 2076 175 2140; x_wconf 86' lang='lat' dir='ltr'>llursus</span> <span class='ocrx_word' id='word_1_111' title='bbox 201 2093 278 2158; x_wconf 91' lang='lat' dir='ltr'>pace</span> <span class='ocrx_word' id='word_1_112' title='bbox 306 2076 441 2156; x_wconf 90' lang='lat' dir='ltr'>dirupta,</span> <span class='ocrx_word' id='word_1_113' title='bbox 474 2075 600 2139; x_wconf 88' lang='lat' dir='ltr'>Mettum</span> <span class='ocrx_word' id='word_1_114' title='bbox 633 2077 802 2158; x_wconf 81' lang='lat' dir='ltr'>Fufetium,</span> <span class='ocrx_word' id='word_1_115' title='bbox 835 2079 982 2144; x_wconf 86' lang='lat' dir='ltr'>Fidenate</span> <span class='ocrx_word' id='word_1_116' title='bbox 1015 2079 1109 2157; x_wconf 90' lang='lat' dir='ltr'>bello,</span> 
     </span>
     <span class='ocr_line' id='line_1_18' title="bbox 58 2177 1111 2259; baseline 0.002 -21"><span class='ocrx_word' id='word_1_117' title='bbox 58 2178 204 2241; x_wconf 87' lang='lat' dir='ltr'>meditate</span> <span class='ocrx_word' id='word_1_118' title='bbox 226 2177 317 2240; x_wconf 90' lang='lat' dir='ltr'>etiam</span> <span class='ocrx_word' id='word_1_119' title='bbox 339 2177 513 2257; x_wconf 89' lang='lat' dir='ltr'>proditione</span> <span class='ocrx_word' id='word_1_120' title='bbox 535 2195 733 2259; x_wconf 91' lang='lat' dir='ltr'>suspensum,</span> <span class='ocrx_word' id='word_1_121' title='bbox 761 2180 902 2243; x_wconf 79' lang='lat' dir='ltr'>cunibus</span> <span class='ocrx_word' id='word_1_122' title='bbox 929 2182 962 2244; x_wconf 91' lang='lat' dir='ltr'>in</span> <span class='ocrx_word' id='word_1_123' title='bbox 989 2181 1111 2243; x_wconf 90' lang='lat' dir='ltr'>diversa</span> 
     </span>
     <span class='ocr_line' id='line_1_19' title="bbox 57 2277 1111 2361; baseline 0.004 -23"><span class='ocrx_word' id='word_1_124' title='bbox 57 2277 266 2357; x_wconf 88' lang='lat' dir='ltr'>raptantibus,</span> <span class='ocrx_word' id='word_1_125' title='bbox 297 2277 426 2358; x_wconf 87' lang='lat' dir='ltr'>duplicis</span> <span class='ocrx_word' id='word_1_126' title='bbox 459 2279 552 2341; x_wconf 88' lang='lat' dir='ltr'>animi</span> <span class='ocrx_word' id='word_1_127' title='bbox 585 2295 697 2340; x_wconf 84' lang='lat' dir='ltr'>noxam</span> <span class='ocrx_word' id='word_1_128' title='bbox 729 2297 828 2360; x_wconf 88' lang='lat' dir='ltr'>poena</span> <span class='ocrx_word' id='word_1_129' title='bbox 855 2281 947 2343; x_wconf 90' lang='lat' dir='ltr'>divisi</span> <span class='ocrx_word' id='word_1_130' title='bbox 975 2281 1111 2361; x_wconf 90' lang='lat' dir='ltr'>corporis</span> 
     </span>
     <span class='ocr_line' id='line_1_20' title="bbox 60 2378 1111 2462; baseline 0.002 -22"><span class='ocrx_word' id='word_1_131' title='bbox 60 2378 254 2460; x_wconf 83' lang='lat' dir='ltr'>expendisse.</span> <span class='ocrx_word' id='word_1_132' title='bbox 293 2378 427 2456; x_wconf 88' lang='lat' dir='ltr'>Latinos,</span> <span class='ocrx_word' id='word_1_133' title='bbox 449 2379 538 2441; x_wconf 82' lang='lat' dir='ltr'>Anco</span> <span class='ocrx_word' id='word_1_134' title='bbox 559 2378 668 2440; x_wconf 85' lang='lat' dir='ltr'>Martio</span> <span class='ocrx_word' id='word_1_135' title='bbox 690 2379 780 2462; x_wconf 90' lang='lat' dir='ltr'>duce,</span> <span class='ocrx_word' id='word_1_136' title='bbox 802 2397 895 2460; x_wconf 92' lang='lat' dir='ltr'>saepe</span> <span class='ocrx_word' id='word_1_137' title='bbox 917 2397 1111 2462; x_wconf 83' lang='lat' dir='ltr'>congressos,</span> 
     </span>
     <span class='ocr_line' id='line_1_21' title="bbox 59 2478 1112 2561; baseline -0.001 -22"><span class='ocrx_word' id='word_1_138' title='bbox 59 2478 225 2558; x_wconf 88' lang='lat' dir='ltr'>aliquando</span> <span class='ocrx_word' id='word_1_139' title='bbox 246 2487 415 2561; x_wconf 89' lang='lat' dir='ltr'>superatos.</span> <span class='ocrx_word' id='word_1_140' title='bbox 445 2479 659 2558; x_wconf 78' lang='lat' dir='ltr'>&#39;Tarquinium</span> <span class='ocrx_word' id='word_1_141' title='bbox 681 2478 817 2540; x_wconf 90' lang='lat' dir='ltr'>Priscum</span> <span class='ocrx_word' id='word_1_142' title='bbox 839 2495 946 2540; x_wconf 89' lang='lat' dir='ltr'>omnes</span> <span class='ocrx_word' id='word_1_143' title='bbox 968 2478 1112 2540; x_wconf 87' lang='lat' dir='ltr'>finitimos</span> 
     </span>
     <span class='ocr_line' id='line_1_22' title="bbox 61 2576 1231 2660; baseline 0.005 -21"><span class='ocrx_word' id='word_1_144' title='bbox 61 2585 91 2640; x_wconf 91' lang='lat' dir='ltr'>et</span> <span class='ocrx_word' id='word_1_145' title='bbox 105 2585 248 2660; x_wconf 91' lang='lat' dir='ltr'>potentes</span> <span class='ocrx_word' id='word_1_146' title='bbox 264 2587 337 2642; x_wconf 87' lang='lat' dir='ltr'>tune</span> <span class='ocrx_word' id='word_1_147' title='bbox 352 2579 481 2642; x_wconf 86' lang='lat' dir='ltr'>Tusciae</span> <span class='ocrx_word' id='word_1_148' title='bbox 504 2576 665 2639; x_wconf 92' lang='lat' dir='ltr'>duodecim</span> <span class='ocrx_word' id='word_1_149' title='bbox 688 2578 817 2658; x_wconf 88' lang='lat' dir='ltr'>populos</span> <span class='ocrx_word' id='word_1_150' title='bbox 840 2578 1009 2641; x_wconf 88' lang='lat' dir='ltr'>innumeris</span> <span class='ocrx_word' id='word_1_151' title='bbox 1030 2594 1111 2640; x_wconf 90' lang='lat' dir='ltr'>eon·</span> <span class='ocrx_word' id='word_1_152' title='bbox 1224 2638 1231 2645; x_wconf 89' lang='lat'>.</span> 
     </span>
     <span class='ocr_line' id='line_1_23' title="bbox 61 2676 1113 2760; baseline 0.002 -22"><span class='ocrx_word' id='word_1_153' title='bbox 61 2679 173 2742; x_wconf 87' lang='lat' dir='ltr'>cidisse</span> <span class='ocrx_word' id='word_1_154' title='bbox 196 2679 398 2742; x_wconf 87' lang='lat' dir='ltr'>conflictibus.</span> <span class='ocrx_word' id='word_1_155' title='bbox 442 2677 588 2760; x_wconf 88' lang='lat' dir='ltr'>llejentes</span> <span class='ocrx_word' id='word_1_156' title='bbox 611 2676 676 2740; x_wconf 87' lang='lat' dir='ltr'>Ser.</span> <span class='ocrx_word' id='word_1_157' title='bbox 698 2678 797 2741; x_wconf 90' lang='lat' dir='ltr'>Tullio</span> <span class='ocrx_word' id='word_1_158' title='bbox 820 2678 992 2756; x_wconf 86' lang='lat' dir='ltr'>insistente,</span> <span class='ocrx_word' id='word_1_159' title='bbox 1014 2678 1113 2740; x_wconf 88' lang='lat' dir='ltr'>victos</span> 
     </span>
     <span class='ocr_line' id='line_1_24' title="bbox 61 2775 1114 2860; baseline 0 -22"><span class='ocrx_word' id='word_1_160' title='bbox 61 2775 174 2856; x_wconf 90' lang='lat' dir='ltr'>fuisse,</span> <span class='ocrx_word' id='word_1_161' title='bbox 206 2798 265 2842; x_wconf 91' lang='lat' dir='ltr'>nec</span> <span class='ocrx_word' id='word_1_162' title='bbox 298 2779 435 2843; x_wconf 91' lang='lat' dir='ltr'>domitos.</span> <span class='ocrx_word' id='word_1_163' title='bbox 485 2779 643 2859; x_wconf 88' lang='lat' dir='ltr'>Tarquinii</span> <span class='ocrx_word' id='word_1_164' title='bbox 677 2778 808 2858; x_wconf 86' lang='lat' dir='ltr'>Superbi</span> <span class='ocrx_word' id='word_1_165' title='bbox 839 2796 986 2860; x_wconf 82' lang='lat' dir='ltr'>regnum,</span> <span class='ocrx_word' id='word_1_166' title='bbox 1019 2775 1114 2839; x_wconf 87' lang='lat' dir='ltr'>occisi</span> 
     </span>
     <span class='ocr_line' id='line_1_25' title="bbox 61 2877 1113 2956; baseline 0.002 -18"><span class='ocrx_word' id='word_1_167' title='bbox 61 2880 163 2942; x_wconf 89' lang='lat' dir='ltr'>soceri</span> <span class='ocrx_word' id='word_1_168' title='bbox 184 2879 303 2942; x_wconf 88' lang='lat' dir='ltr'>scelere</span> <span class='ocrx_word' id='word_1_169' title='bbox 325 2880 507 2956; x_wconf 88' lang='lat' dir='ltr'>adsumtum,</span> <span class='ocrx_word' id='word_1_170' title='bbox 529 2879 632 2942; x_wconf 89' lang='lat' dir='ltr'>habita</span> <span class='ocrx_word' id='word_1_171' title='bbox 654 2879 686 2940; x_wconf 93' lang='lat' dir='ltr'>iu</span> <span class='ocrx_word' id='word_1_172' title='bbox 702 2880 787 2941; x_wconf 88' lang='lat' dir='ltr'>oives</span> <span class='ocrx_word' id='word_1_173' title='bbox 803 2877 984 2940; x_wconf 87' lang='lat' dir='ltr'>crudelitate</span> <span class='ocrx_word' id='word_1_174' title='bbox 998 2877 1113 2941; x_wconf 87' lang='lat' dir='ltr'>deten-</span> 
     </span>
     <span class='ocr_line' id='line_1_26' title="bbox 62 2978 1115 3062; baseline 0.002 -23"><span class='ocrx_word' id='word_1_175' title='bbox 62 2984 137 3062; x_wconf 88' lang='lat' dir='ltr'>tum,</span> <span class='ocrx_word' id='word_1_176' title='bbox 160 2978 277 3062; x_wconf 83' lang='lat' dir='ltr'>flagitio</span> <span class='ocrx_word' id='word_1_177' title='bbox 292 2979 480 3042; x_wconf 87' lang='lat' dir='ltr'>adulteratae</span> <span class='ocrx_word' id='word_1_178' title='bbox 494 2979 655 3042; x_wconf 87' lang='lat' dir='ltr'>Lucretiae</span> <span class='ocrx_word' id='word_1_179' title='bbox 671 2979 826 3056; x_wconf 88' lang='lat' dir='ltr'>amissum,</span> <span class='ocrx_word' id='word_1_180' title='bbox 848 2980 930 3040; x_wconf 88' lang='lat' dir='ltr'>inter</span> <span class='ocrx_word' id='word_1_181' title='bbox 949 2979 1115 3042; x_wconf 88' lang='lat' dir='ltr'>domestica</span> 
     </span>
     <span class='ocr_line' id='line_1_27' title="bbox 62 3076 1115 3163; baseline 0.004 -24"><span class='ocrx_word' id='word_1_182' title='bbox 62 3080 148 3158; x_wconf 88' lang='lat' dir='ltr'>vitia,</span> <span class='ocrx_word' id='word_1_183' title='bbox 172 3081 364 3160; x_wconf 89' lang='lat' dir='ltr'>virtutesque</span> <span class='ocrx_word' id='word_1_184' title='bbox 387 3078 559 3158; x_wconf 87' lang='lat' dir='ltr'>forinsecus</span> <span class='ocrx_word' id='word_1_185' title='bbox 581 3081 759 3157; x_wconf 87' lang='lat' dir='ltr'>emicantes,</span> <span class='ocrx_word' id='word_1_186' title='bbox 782 3079 813 3140; x_wconf 93' lang='lat' dir='ltr'>id</span> <span class='ocrx_word' id='word_1_187' title='bbox 835 3086 893 3156; x_wconf 88' lang='lat' dir='ltr'>est,</span> <span class='ocrx_word' id='word_1_188' title='bbox 915 3080 1024 3161; x_wconf 91' lang='lat' dir='ltr'>oppida</span> <span class='ocrx_word' id='word_1_189' title='bbox 1047 3076 1115 3163; x_wconf 82' lang='grc'>[95]</span> 
     </span>
     <span class='ocr_line' id='line_1_28' title="bbox 62 3177 1115 3262; baseline 0.003 -22"><span class='ocrx_word' id='word_1_190' title='bbox 62 3179 164 3242; x_wconf 91' lang='lat' dir='ltr'>valida</span> <span class='ocrx_word' id='word_1_191' title='bbox 184 3181 216 3242; x_wconf 90' lang='lat' dir='ltr'>in</span> <span class='ocrx_word' id='word_1_192' title='bbox 237 3181 324 3243; x_wconf 91' lang='lat' dir='ltr'>Latio</span> <span class='ocrx_word' id='word_1_193' title='bbox 345 3199 401 3262; x_wconf 90' lang='lat' dir='ltr'>per</span> <span class='ocrx_word' id='word_1_194' title='bbox 422 3199 492 3243; x_wconf 88' lang='lat' dir='ltr'>eum</span> <span class='ocrx_word' id='word_1_195' title='bbox 515 3188 612 3262; x_wconf 87' lang='lat' dir='ltr'>capta,</span> <span class='ocrx_word' id='word_1_196' title='bbox 634 3180 779 3257; x_wconf 84' lang='lat' dir='ltr'>Ardeam,</span> <span class='ocrx_word' id='word_1_197' title='bbox 802 3177 987 3257; x_wconf 89' lang='lat' dir='ltr'>Ocricolum,</span> <span class='ocrx_word' id='word_1_198' title='bbox 1015 3180 1115 3243; x_wconf 85' lang='lat' dir='ltr'>Sues-</span> 
     </span>
     <span class='ocr_line' id='line_1_29' title="bbox 62 3277 1117 3362; baseline 0.003 -23"><span class='ocrx_word' id='word_1_199' title='bbox 62 3297 126 3340; x_wconf 90' lang='lat' dir='ltr'>sam</span> <span class='ocrx_word' id='word_1_200' title='bbox 150 3279 331 3358; x_wconf 85' lang='lat' dir='ltr'>Pometiam,</span> <span class='ocrx_word' id='word_1_201' title='bbox 354 3287 385 3343; x_wconf 90' lang='lat' dir='ltr'>et</span> <span class='ocrx_word' id='word_1_202' title='bbox 407 3281 556 3362; x_wconf 87' lang='lat' dir='ltr'>quidquid</span> <span class='ocrx_word' id='word_1_203' title='bbox 584 3282 616 3342; x_wconf 91' lang='lat' dir='ltr'>in</span> <span class='ocrx_word' id='word_1_204' title='bbox 638 3278 751 3340; x_wconf 87' lang='lat' dir='ltr'>Gabios</span> <span class='ocrx_word' id='word_1_205' title='bbox 778 3278 828 3341; x_wconf 91' lang='lat' dir='ltr'>vel</span> <span class='ocrx_word' id='word_1_206' title='bbox 855 3277 963 3341; x_wconf 89' lang='lat' dir='ltr'>fraude</span> <span class='ocrx_word' id='word_1_207' title='bbox 984 3280 1117 3360; x_wconf 90' lang='lat' dir='ltr'>propria,</span> 
     </span>
     <span class='ocr_line' id='line_1_30' title="bbox 61 3378 1118 3459; baseline 0.004 -20"><span class='ocrx_word' id='word_1_208' title='bbox 61 3380 113 3442; x_wconf 91' lang='lat' dir='ltr'>vel</span> <span class='ocrx_word' id='word_1_209' title='bbox 148 3397 248 3459; x_wconf 90' lang='lat' dir='ltr'>poena</span> <span class='ocrx_word' id='word_1_210' title='bbox 280 3381 351 3459; x_wconf 87' lang='lat' dir='ltr'>frlii,</span> <span class='ocrx_word' id='word_1_211' title='bbox 383 3382 435 3443; x_wconf 87' lang='lat' dir='ltr'>vel</span> <span class='ocrx_word' id='word_1_212' title='bbox 467 3380 609 3443; x_wconf 90' lang='lat' dir='ltr'>Romanis</span> <span class='ocrx_word' id='word_1_213' title='bbox 642 3378 781 3456; x_wconf 82' lang='lat' dir='ltr'>viribus,</span> <span class='ocrx_word' id='word_1_214' title='bbox 807 3380 1001 3459; x_wconf 87' lang='lat' dir='ltr'>perpetravit.</span> <span class='ocrx_word' id='word_1_215' title='bbox 1056 3380 1118 3445; x_wconf 87' lang='lat' dir='ltr'>Sed</span> 
     </span>
     <span class='ocr_line' id='line_1_31' title="bbox 61 3478 1117 3561; baseline 0.003 -21"><span class='ocrx_word' id='word_1_216' title='bbox 61 3478 193 3541; x_wconf 87' lang='lat' dir='ltr'>Romani</span> <span class='ocrx_word' id='word_1_217' title='bbox 216 3488 329 3560; x_wconf 88' lang='lat' dir='ltr'>quanta</span> <span class='ocrx_word' id='word_1_218' title='bbox 351 3481 428 3543; x_wconf 87' lang='lat' dir='ltr'>mala</span> <span class='ocrx_word' id='word_1_219' title='bbox 449 3499 505 3560; x_wconf 92' lang='lat' dir='ltr'>per</span> <span class='ocrx_word' id='word_1_220' title='bbox 527 3481 675 3542; x_wconf 87' lang='lat' dir='ltr'>ducentos</span> <span class='ocrx_word' id='word_1_221' title='bbox 698 3479 897 3561; x_wconf 82' lang='lat' dir='ltr'>quadraginta</span> <span class='ocrx_word' id='word_1_222' title='bbox 920 3488 953 3555; x_wconf 81' lang='lat' dir='ltr'>et</span> <span class='ocrx_word' id='word_1_223' title='bbox 973 3487 1035 3543; x_wconf 89' lang='lat' dir='ltr'>tres</span> <span class='ocrx_word' id='word_1_224' title='bbox 1055 3500 1117 3543; x_wconf 87' lang='lat' dir='ltr'>an-</span> 
     </span>
     <span class='ocr_line' id='line_1_32' title="bbox 63 3578 1119 3662; baseline 0.002 -22"><span class='ocrx_word' id='word_1_225' title='bbox 63 3596 119 3642; x_wconf 91' lang='lat' dir='ltr'>nos</span> <span class='ocrx_word' id='word_1_226' title='bbox 144 3581 291 3643; x_wconf 90' lang='lat' dir='ltr'>continua</span> <span class='ocrx_word' id='word_1_227' title='bbox 306 3581 357 3642; x_wconf 90' lang='lat' dir='ltr'>illa</span> <span class='ocrx_word' id='word_1_228' title='bbox 371 3598 480 3662; x_wconf 83' lang='lat' dir='ltr'>regum</span> <span class='ocrx_word' id='word_1_229' title='bbox 496 3580 704 3642; x_wconf 86' lang='lat' dir='ltr'>dominatione</span> <span class='ocrx_word' id='word_1_230' title='bbox 721 3578 913 3659; x_wconf 89' lang='lat' dir='ltr'>pertulerint,</span> <span class='ocrx_word' id='word_1_231' title='bbox 936 3597 997 3642; x_wconf 93' lang='lat' dir='ltr'>non</span> <span class='ocrx_word' id='word_1_232' title='bbox 1019 3581 1119 3643; x_wconf 91' lang='lat' dir='ltr'>solum</span> 
     </span>
     <span class='ocr_line' id='line_1_33' title="bbox 29 3679 1120 3762; baseline 0.002 -22"><span class='ocrx_word' id='word_1_233' title='bbox 29 3739 31 3752; x_wconf 79' lang='grc'><strong>,</strong></span> <span class='ocrx_word' id='word_1_234' title='bbox 63 3681 160 3742; x_wconf 91' lang='lat' dir='ltr'>unius</span> <span class='ocrx_word' id='word_1_235' title='bbox 181 3681 265 3762; x_wconf 84' lang='lat' dir='ltr'>regis</span> <span class='ocrx_word' id='word_1_236' title='bbox 288 3682 444 3761; x_wconf 88' lang='lat' dir='ltr'>expulsio,</span> <span class='ocrx_word' id='word_1_237' title='bbox 467 3699 574 3744; x_wconf 83' lang='lat' dir='ltr'>verum</span> <span class='ocrx_word' id='word_1_238' title='bbox 604 3681 696 3742; x_wconf 89' lang='lat' dir='ltr'>etiam</span> <span class='ocrx_word' id='word_1_239' title='bbox 723 3679 852 3758; x_wconf 87' lang='lat' dir='ltr'>ejuratio</span> <span class='ocrx_word' id='word_1_240' title='bbox 879 3681 959 3762; x_wconf 86' lang='lat' dir='ltr'>regii</span> <span class='ocrx_word' id='word_1_241' title='bbox 986 3681 1120 3743; x_wconf 89' lang='lat' dir='ltr'>nominis</span> 
     </span>
     <span class='ocr_line' id='line_1_34' title="bbox 30 3780 1120 3866; baseline 0.003 -26"><span class='ocrx_word' id='word_1_242' title='bbox 30 3815 31 3820; x_wconf 21' lang='grc' dir='ltr'><strong>κ</strong></span> <span class='ocrx_word' id='word_1_243' title='bbox 63 3786 95 3841; x_wconf 89' lang='lat' dir='ltr'>et</span> <span class='ocrx_word' id='word_1_244' title='bbox 128 3782 306 3860; x_wconf 87' lang='lat' dir='ltr'>potestatis,</span> <span class='ocrx_word' id='word_1_245' title='bbox 340 3782 482 3844; x_wconf 90' lang='lat' dir='ltr'>ostendit.</span> <span class='ocrx_word' id='word_1_246' title='bbox 535 3780 611 3842; x_wconf 87' lang='lat' dir='ltr'>Nam</span> <span class='ocrx_word' id='word_1_247' title='bbox 643 3781 670 3841; x_wconf 89' lang='lat' dir='ltr'>si</span> <span class='ocrx_word' id='word_1_248' title='bbox 703 3780 795 3842; x_wconf 89' lang='lat' dir='ltr'>unius</span> <span class='ocrx_word' id='word_1_249' title='bbox 827 3786 944 3866; x_wconf 85' lang='lat' dir='ltr'>tantum</span> <span class='ocrx_word' id='word_1_250' title='bbox 976 3780 1120 3861; x_wconf 91' lang='lat' dir='ltr'>superbia</span> 
     </span>
     <span class='ocr_line' id='line_1_35' title="bbox 31 3863 1121 3961; baseline 0.004 -21"><span class='ocrx_word' id='word_1_251' title='bbox 31 3863 33 3940; x_wconf 71' lang='grc'><strong>1</strong></span> <span class='ocrx_word' id='word_1_252' title='bbox 64 3876 179 3942; x_wconf 88' lang='lat' dir='ltr'>fuisset</span> <span class='ocrx_word' id='word_1_253' title='bbox 200 3881 232 3941; x_wconf 94' lang='lat' dir='ltr'>in</span> <span class='ocrx_word' id='word_1_254' title='bbox 255 3881 359 3961; x_wconf 88' lang='lat' dir='ltr'>eulpa,</span> <span class='ocrx_word' id='word_1_255' title='bbox 382 3883 481 3961; x_wconf 89' lang='lat' dir='ltr'>ipsum</span> <span class='ocrx_word' id='word_1_256' title='bbox 504 3881 603 3944; x_wconf 87' lang='lat' dir='ltr'>solum</span> <span class='ocrx_word' id='word_1_257' title='bbox 630 3881 816 3960; x_wconf 88' lang='lat' dir='ltr'>oportuisset</span> <span class='ocrx_word' id='word_1_258' title='bbox 843 3878 973 3959; x_wconf 88' lang='lat' dir='ltr'>expelli,</span> <span class='ocrx_word' id='word_1_259' title='bbox 1000 3888 1121 3944; x_wconf 85' lang='lat' dir='ltr'>servata</span> 
     </span>
     <span class='ocr_line' id='line_1_36' title="bbox 32 3951 1120 4069; baseline 0.004 -30"><span class='ocrx_word' id='word_1_260' title='bbox 32 3951 36 4048; x_wconf 76' lang='grc'><strong>1</strong></span> <span class='ocrx_word' id='word_1_261' title='bbox 62 3981 154 4060; x_wconf 85' lang='lat' dir='ltr'>regia</span> <span class='ocrx_word' id='word_1_262' title='bbox 171 3979 331 4069; x_wconf 82' lang='lat' dir='ltr'>dignitate</span> <span class='ocrx_word' id='word_1_263' title='bbox 359 3981 546 4044; x_wconf 87' lang='lat' dir='ltr'>melioribus.</span> <span class='ocrx_word' id='word_1_264' title='bbox 589 3980 687 4061; x_wconf 81' lang='lat' dir='ltr'>lgitur</span> <span class='ocrx_word' id='word_1_265' title='bbox 707 3979 834 4061; x_wconf 82' lang='lat' dir='ltr'>regibus</span> <span class='ocrx_word' id='word_1_266' title='bbox 855 3977 937 4042; x_wconf 89' lang='lat' dir='ltr'>Urbe</span> <span class='ocrx_word' id='word_1_267' title='bbox 959 3981 1120 4062; x_wconf 90' lang='lat' dir='ltr'>propulsis,</span> 
     </span>
    </p>
   </div>
   <div class='ocr_carea' id='block_1_3' title="bbox 34 4049 38 4166">
    <p class='ocr_par' dir='ltr' id='par_1_3' title="bbox 34 4049 38 4166">
     <span class='ocr_line' id='line_1_37' title="bbox 34 4049 38 4166; baseline 0 0"><span class='ocrx_word' id='word_1_268' title='bbox 34 4049 38 4166; x_wconf 86' lang='grc'><strong>1</strong></span> 
     </span>
    </p>
   </div>
   <div class='ocr_carea' id='block_1_4' title="bbox 36 4193 39 4242">
    <p class='ocr_par' dir='ltr' id='par_1_4' title="bbox 36 4193 39 4242">
     <span class='ocr_line' id='line_1_38' title="bbox 36 4193 39 4242; baseline 0 0"><span class='ocrx_word' id='word_1_269' title='bbox 36 4193 39 4242; x_wconf 86' lang='grc'><strong>1</strong></span> 
     </span>
    </p>
   </div>
   <div class='ocr_carea' id='block_1_5' title="bbox 37 4247 46 4405">
    <p class='ocr_par' dir='ltr' id='par_1_5' title="bbox 37 4247 46 4405">
     <span class='ocr_line' id='line_1_39' title="bbox 37 4247 46 4405; baseline 0 0"><span class='ocrx_word' id='word_1_270' title='bbox 37 4247 46 4405; x_wconf 85' lang='grc'><strong>1</strong></span> 
     </span>
    </p>
   </div>
   <div class='ocr_carea' id='block_1_6' title="bbox 0 0 1337 4434">
    <p class='ocr_par' dir='ltr' id='par_1_6' title="bbox 0 0 1337 4434">
     <span class='ocr_line' id='line_1_40' title="bbox 0 0 1337 4434; baseline 0 0"><span class='ocrx_word' id='word_1_271' title='bbox 0 0 1337 4434; x_wconf 95' lang='lat' dir='ltr'> </span> 
     </span>
    </p>
   </div>
  </div>
 </body>
</html>
