2634 4434
675 321 745 390 tao

603 423 811 434 —q—-u—

195 605 284 685 [235]
511 561 722 708 Copti
770 554 905 676 illl.

204 792 352 860 Romani
372 787 589 858 Camerinam
611 788 732 856 urbem
753 780 911 872 petentes
931 790 968 855 in
989 773 1138 854 incidiae
1158 790 1220 856 in-

205 895 361 962 cantant.
392 891 546 959 Annibal
564 892 683 958 aendor
704 912 727 957 a
748 894 825 958 eutr
837 885 1031 984 lapidator.
1063 889 1222 974 Repalne

205 995 372 1078 Liparom
400 993 626 1078 Melitomoue
654 996 780 1060 amiot-
823 988 954 1074 Clupea
986 1010 1025 1057 ee
1054 990 1222 1058 llcmanie

206 1098 309 1163 dedit.
341 1092 497 1180 nepotas
516 1096 667 1181 ingentia
688 1085 932 1179 magnitudinis
954 1096 1116 1178 serpente
1131 1111 1223 1159 con-

280 1197 370 1284 [eeto
393 1201 437 1264 de
458 1195 803 1281 Cartbapinienaibae
822 1195 1001 1261 victoriam
1027 1191 1142 1280 raphat.

270 1363 362 1430 Anno
382 1369 421 1430 ab
449 1369 508 1430 hoe
534 1369 674 1449 proximo
704 1365 858 1428 Calatinus
892 1365 1016 1442 consul,
1050 1353 1246 1426 ¹Camerimtm

187 1464 312 1530 Siciliae
334 1467 443 1528 urbem
469 1475 593 1547 petens,
619 1474 737 1529 temere
760 1468 792 1527 in
815 1466 971 1546 angustias
994 1461 1122 1527 deduxit
1143 1473 1247 1526 exer-

187 1569 299 1655 eitum,
327 1586 404 1648 quas
431 1569 602 1630 Poenorum
631 1569 739 1648 copiae
761 1569 823 1650 jam
848 1566 961 1628 dudum
984 1573 1248 1646 praestruxerant.

187 1666 246 1730 Cui
268 1687 339 1730 eum
361 1669 486 1730 omnino
508 1669 592 1730 nulla
614 1669 665 1738 vel
688 1667 857 1731 obsistendi
880 1667 930 1729 vel
960 1667 1111 1729 evadendi
1139 1665 1248 1728 lacul-

188 1775 235 1831 tas
257 1777 350 1846 esset,
374 1769 530 1849 Calpurnii
551 1769 703 1832 Flammae
726 1771 841 1830 virtute
864 1771 896 1829 et
910 1783 1003 1848 opera
1017 1766 1163 1829 liberatus
1180 1773 1248 1828 est:

189 1871 244 1949 qui
266 1869 346 1931 lecta
368 1876 575 1949 trecentorum
598 1871 735 1931 virorum
759 1885 849 1930 manu
872 1870 1023 1931 insessum
1045 1868 1082 1930 ab
1102 1853 1251 1930 hostibus

190 1967 343 2030 tumulum
359 1971 530 2051 occupavit,
553 1978 585 2032 et
606 1971 637 2032 in
660 1985 695 2029 se
707 1966 825 2032 Poenos
848 1983 954 2032 omnes
976 1967 1140 2051 pugnando
1162 1984 1252 2029 eon-

189 2071 297 2147 vertit‚
320 2069 420 2131 donee
441 2070 595 2131 Romanus
617 2068 773 2130 exercitus
802 2057 943 2132 obsessas
971 2071 1127 2150 angustias
1156 2068 1253 2129 hoste

104 2222 106 2225 .
190 2185 253 2232 non
275 2178 407 2253 urgente
429 2171 580 2232 transiret.
619 2168 707 2230 Caesi
730 2169 855 2230 suntin
879 2185 917 2230 eo
940 2169 1022 2231 bello
1046 2186 1152 2233 onraes
1176 2175 1253 2230 tre-

192 2273 286 2348 centi,
302 2271 386 2332 solus
402 2269 595 2348 Calpurnius,
615 2271 754 2348 quamvis
771 2269 873 2330 multis
889 2269 1050 2332 confossus
1065 2269 1255 2332 vulneribus

192 2378 225 2432 et
247 2369 449 2431 cadaveribus
472 2369 625 2449 obtectus,
648 2357 754 2432 evasit.
792 2367 927 2432 Annibal
945 2363 1054 2430 ¹senior
1075 2387 1092 2430 a
1115 2369 1255 2432 Cartha—

191 2470 385 2552 giniensibus
406 2467 524 2532 'iterum
553 2471 642 2534 classi
664 2473 871 2552 praepositum
899 2469 1066 2532 infeliciter
1088 2487 1158 2532 eum
1183 2469 1254 2531 Ro-

193 2573 291 2634 manis
313 2571 414 2633 navali
434 2573 551 2652 praelio
573 2589 758 2653 congressus
781 2579 812 2634 et
834 2573 945 2649 victus,
968 2569 1005 2632 ab
1029 2572 1169 2632 exercitu
1194 2588 1255 2632 suo

89 2666 91 2669 ’
193 2672 347 2733 seditione
370 2677 435 2732 orta
463 2670 614 2751 lapidibus
641 2679 806 2752 coopertus
833 2673 958 2734 interiit.
1002 2669 1115 2732 Atilius
1140 2671 1256 2733 consul

195 2767 286 2847 [236]
314 2761 453 2852 Liparum
482 2771 694 2853 italiamque,
730 2772 845 2834 insulas
874 2771 998 2834 Siciliae
1025 2770 1145 2833 nobiles
1172 2789 1253 2850 per-

195 2880 325 2954 vagatus
339 2874 460 2936 evertit.
488 2871 638 2935 Consules
653 2875 685 2935 in
700 2871 835 2934 Africam
847 2873 926 2954 Jussi
941 2870 1108 2935 transferre
1123 2871 1256 2949 bellum,

196 2988 267 3035 oum
289 2973 437 3035 trecentis
465 2973 590 3054 triginta
617 2967 749 3034 navibus
777 2971 912 3035 Siciliam
940 2974 1110 3054 petierunt,
1138 2971 1258 3052 quibus

197 3073 333 3134 Amilcar
365 3073 536 3136 Poenorum
569 3075 735 3155 imperator
765 3080 797 3134 et
829 3074 919 3134 Anno
953 3073 1044 3136 classi
1076 3071 1257 3153 praelectus

197 3175 342 3238 eccumlt.
377 3173 527 3237 Conserto
547 3175 649 3237 navali
671 3172 788 3255 praelio
804 3173 1070 3256 Carthaginienses
1093 3173 1124 3234 in
1147 3171 1256 3255 lugam

198 3278 281 3339 versi
314 3277 474 3359 sexaginta
509 3283 542 3339 et
574 3282 707 3356 quatuor
739 3291 834 3335 naves
861 3273 1068 3353 perdiderunt.
1111 3273 1257 3336 Victores

104 3447 112 3456 δ
199 3376 343 3438 eonsules
365 3381 397 3438 in
425 3376 560 3440 Africam
589 3375 756 3440 transvecti
782 3382 870 3453 sunt,
898 3375 1088 3455 primamque
1116 3376 1258 3436 omnium

199 3475 344 3554 Clupeam
367 3475 475 3538 urhem
499 3478 530 3538 in
553 3474 740 3540 deditionem
762 3482 963 3557 receperunt,
992 3475 1066 3538 lnde
1089 3473 1258 3556 Carthagi—

200 3593 272 3638 nem
301 3580 443 3656 peteates
472 3584 610 3640 trecenta
642 3583 695 3640 aut
730 3594 768 3638 eo
801 3577 929 3657 amplius
963 3575 1087 3639 castella
1119 3575 1261 3656 populati

200 3684 288 3755 runt,
321 3675 434 3739 intesta
467 3676 642 3758 Carthagini
678 3678 766 3758 signa
803 3677 1065 3740 circumtulerunt.
1123 3675 1260 3740 Manlius

201 3777 310 3841 consul
332 3777 370 3840 ab
393 3777 496 3841 Airiea
519 3795 588 3840 cnm
611 3778 732 3838 victrici
754 3777 852 3840 classe
874 3778 1029 3840 decedens
1056 3776 1170 3858 viginti
1199 3795 1261 3840 se-

202 3884 285 3957 ptem
321 3877 415 3940 millia
451 3879 642 3958 captivorum
677 3891 746 3938 oum
783 3878 959 3960 ingentibus
992 3877 1098 3960 spoliis
1131 3875 1260 3942 Romam

203 3978 333 4038 revexit.
374 3977 512 4060 Regulos
533 3976 647 4040 bellum
672 3975 923 4062 Carthaginiense
945 3980 1082 4059 sortitus,
1105 3979 1167 4043 iter
1189 3997 1263 4042 eum
