2634 4434
555 270 774 391 asttex

53 573 180 624 vanum
202 573 327 640 quoque
347 574 405 639 per
422 555 540 620 Gallias
560 555 656 618 retus
676 555 766 618 novis
786 551 974 630 inhiantem,
1001 559 1121 618 nature

53 656 372 724 circumveniendum
405 657 701 740 opprimendumque
733 655 861 718 curavit
915 652 1014 734 igitur
1045 653 1120 735 Spl-

51 775 147 824 rano
169 759 350 839 interiecto,
371 759 528 823 lulianum
547 758 718 839 patruelem
746 773 853 830 suum,
880 753 959 818 Galli
985 752 1122 832 mtrem,

54 861 229 925 Caesarem
251 870 399 941 creatum,
421 861 505 924 misit
526 860 564 922 ad
585 859 708 922 Callias.
746 858 854 940 ltaque
874 855 1016 921 Julianus
1038 853 1122 917 Cae·

51 976 114 1026 sar
139 979 264 1024 eversas
285 978 507 1044 oppressasque
529 962 567 1024 uh
592 960 683 1022 hoste
712 958 824 1022 Gallias
849 957 1063 1022 strenuissime
1088 957 1123 1018 in

52 1063 222 1145 integram
254 1065 397 1127 restituit
447 1063 687 1124 Alamannorum
720 1061 821 1138 parvis
854 1060 950 1139 capiis
983 1075 1124 1140 magnum

52 1163 295 1245 multitudinem
316 1162 405 1224 ludit
446 1161 555 1223 Rheno
576 1157 745 1222 Cemmnos
765 1160 908 1222 revinxit.
949 1158 1004 1221 llis
1025 1159 1124 1224 elatus

53 1263 282 1340 successibus,
306 1259 461 1342 fastigium
490 1261 649 1340 usurparit
674 1260 822 1342 Augusti:
853 1267 885 1322 et
911 1277 982 1322 mox
1008 1259 1124 1323 ltaliam

53 1364 290 1446 illyricumque
304 1362 483 1442 pervadens,
506 1361 729 1440 Constantium,
751 1357 897 1424 Parthicis
918 1360 1042 1441 praeliis
1063 1377 1124 1422 oc-

53 1469 225 1544 cupatum,
245 1463 335 1545 regni
357 1470 442 1544 parte
464 1464 604 1544 privavit
641 1461 847 1541 Constantius,
869 1461 983 1525 iuliani
1005 1461 1125 1525 scelere

55 1569 243 1644 comperto,
270 1564 394 1627 diudmn
420 1564 619 1644 expeditione
645 1563 840 1640 Parthorum,
868 1563 939 1625 dum
966 1565 1004 1626 nd
1032 1563 1126 1625 civile

56 1664 185 1728 bellum
206 1664 384 1741 revertitur,
405 1665 438 1725 in
460 1665 573 1726 itinere
594 1666 676 1726 inter
692 1663 827 1726 Ciliciam
843 1663 1126 1743 Cappadociamque

61 1764 235 1828 defunctus
257 1770 312 1828 est.
355 1764 404 1827 ite
428 1763 498 1842 ille,
525 1765 582 1844 qui
608 1764 735 1827 discissa
763 1781 839 1844 pace
861 1771 893 1826 et
914 1765 1032 1851 unitate
1053 1761 1127 1826 fidel

63 1864 246 1928 Catholicae
280 1864 468 1929 Christianos
498 1865 647 1927 adversus
675 1864 861 1928 Christianos
888 1880 1008 1928 armans
1041 1863 1127 1926 civili

65 1966 119 2046 (ut
139 1967 181 2028 ita
203 1965 314 2043 dicam)
336 1965 418 2027 bello
438 1965 597 2028 Ecclesiae
618 1965 755 2030 membra
777 1966 1006 2045 dilaceraverat,
1029 1972 1126 2028 totum

65 2068 243 2148 inquietum
278 2054 397 2146 ternpus
426 2065 548 2148 imperii
573 2067 623 2130 sni
655 2067 968 2148 molestissimumque
995 2068 1126 2147 spatium

67 2169 156 2228 vitae
182 2184 272 2245 suae,
298 2165 390 2229 hellis
419 2165 562 2229 civildrus
590 2169 682 2230 etiam
705 2170 970 2246 perpropinquus
993 2173 1126 2228 etcon·

67 2269 260 2350 sanguineos
281 2267 434 2345 munus,
453 2267 607 2344 exercuit,
630 2267 745 2347 exegit,
768 2265 922 2346 expendit.

408 2515 597 2654 Caput
649 2513 841 2675 XXX,-
1042 2549 1130 2676 [⁵4⁵1

142 2771 143 2774 ,
196 2717 251 2786 nt.
273 2715 442 2787 Claudius
461 2717 630 2788 Julianus
650 2718 848 2808 imperator
869 2715 1012 2790 caesar.
1115 2811 1128 2820 ⁴.

161 2877 254 2940 Anno
275 2877 313 2939 ab
329 2876 411 2940 Urhe
429 2877 555 2941 condita
576 2876 708 2943 MCXVl.
743 2876 894 2955 Julianus,
915 2875 1031 2941 dudum
1048 2878 1130 2944 (la-ed

75 2997 142 3058 sar,
170 2983 239 3060 post
264 2985 368 3040 autem
392 2987 501 3043 sextus
528 2987 562 3041 et
585 2979 762 3061 trigesimus
789 2977 828 3042 ab
861 2977 1002 3062 Augusto
1034 2997 1132 3065 regno

76 3081 202 3163 potitus,
224 3095 306 3141 anno
326 3094 390 3140 uno
412 3085 445 3141 et
466 3079 623 3142 mensibus
645 3087 715 3144 ecto
735 3079 858 3160 Imperii
878 3097 1025 3144 summam
1048 3083 1133 3145 solus

76 3181 221 3259 ebduuit,
239 3178 639 3262 Christianamreligionem
657 3187 723 3243 arte
745 3182 847 3261 potius
870 3195 959 3261 poam
981 3187 1133 3262 potestate

76 3283 262 3358 insectatus,
295 3286 330 3342 ut
354 3288 523 3363 negaretur
549 3280 625 3344 lidos
653 3280 765 3342 Christi
792 3287 824 3343 et
852 3280 1002 3342 idolerum
1033 3283 1133 3346 cultus

78 3382 303 3461 susciperetur,
325 3379 494 3449 honoribus
520 3382 616 3462 magis
642 3397 827 3462 provocare,
853 3399 946 3461 quam
974 3387 1134 3449 tormentis

78 3500 193 3564 cogere
215 3481 345 3542 studuit.
389 3480 506 3561 Aperto
531 3488 634 3544 tamen
660 3484 816 3562 praecepit
844 3483 963 3562 edicto,
996 3501 1037 3548 ne
1065 3487 1134 3564 quis

80 3582 271 3645 Christianus
283 3580 498 3659 docendorum.
508 3579 680 3644 liberalium
695 3583 865 3646 studiorum
877 3574 1033 3665 professor
1044 3591 1134 3648 esset.

81 3683 142 3747 Sed
164 3690 282 3758 tamen,
302 3682 384 3743 sicut
405 3700 422 3743 a
445 3681 610 3762 majoribus
630 3684 743 3746 nostris
765 3691 953 3764 compertum
976 3682 1134 3764 hahemus,

81 3800 188 3845 omnes
202 3782 319 3862 ubique
334 3784 551 3864 propemodum
565 3787 722 3866 praecepti
737 3785 929 3847 conditiones
949 3800 1018 3844 am·
1044 3781 1133 3860 [546]

80 3882 205 3963 plexati,
229 3882 362 3945 officium
385 3903 475 3964 quam
498 3885 588 3949 fidem
611 3886 757 3948 deserere
779 3881 962 3945 maluerunt.
994 3880 1135 3948 Julianus

81 3991 182 4046 antem
206 3983 320 4045 helhum
342 3984 489 4046 adversus
508 3985 632 4048 Parthos
653 4000 774 4065 parans,
796 4001 866 4052 eum
882 3983 1032 4048 Romanas
1053 3986 1136 4048 vires
1247 4073 1250 4077 Δ
