2634 4434
557 329 627 399 107

488 431 696 441 -----

67 564 196 626 transire
219 563 361 644 disponit.
406 563 598 627 Ptolomaeus
619 571 722 627 autem
745 571 777 628 et
799 563 948 629 Seleucus
970 571 1002 628 et
1022 565 1115 649 hysi-

65 665 190 726 machus
222 666 340 744 experti
374 667 476 746 priore
509 666 696 744 certamine,
733 671 866 746 quantae
898 665 981 728 vires
1013 674 1117 730 essent

64 765 260 841 concordiae,
283 766 394 828 iterum
415 761 673 846 societatepacta
695 765 900 847 adunatisque
915 783 1012 829 exer·
1030 763 1116 848 [209]

63 865 187 942 sitibus,
202 865 320 952 ‘bellum
336 867 369 928 in
382 865 534 947 Europam
550 866 739 930 transierunt
753 867 901 931 adversus
916 867 1116 930 Demetrium.

61 965 115 1026 His
144 984 180 1028 se
206 969 348 1029 comitem
377 974 409 1029 et
430 966 504 1028 belli
525 970 643 1030 socium
666 968 799 1050 Pyrrhus
820 986 877 1029 rex
898 967 983 1048 Epiri
1001 969 1116 1050 jungit,

61 1084 189 1146 sperans
221 1067 411 1130 Demetrium
444 1066 624 1130 hlacedonia
656 1085 747 1148 posse
784 1067 914 1148 depelli,
951 1086 1011 1131 nec
1046 1083 1117 1148 spes

61 1165 175 1229 frustra
212 1165 285 1242 luit3
324 1170 438 1248 quippe
474 1169 615 1230 exercitu
648 1169 716 1248 ejus
749 1175 893 1254 corrupto
925 1169 1054 1248 ipsoque
1083 1167 1116 1228 in

60 1267 166 1348 lugam
196 1275 265 1330 acto
292 1286 422 1349 regnum
451 1267 649 1331 Macedoniae
677 1268 809 1350 Pyrrhus
831 1269 951 1332 invasit.
995 1267 1116 1330 Deinde

59 1367 261 1448 Lysimachus
282 1370 437 1450 'generum
464 1386 554 1430 suum
582 1369 794 1451 Antipatrum,
823 1369 1017 1432 insidiantem
1045 1367 1115 1445 sibi,

58 1468 236 1545 interfecit,
259 1469 417 1550 liliumque
438 1488 528 1532 suum
543 1470 745 1552 Agathoclem
767 1471 846 1532 ultra
861 1469 1025 1532 humanum
1042 1487 1114 1532 mo-

57 1586 123 1630 rem
162 1585 290 1646 perosus
323 1570 443 1629 occidit.
488 1570 607 1642 Quibus
621 1551 759 1649 quidem
789 1571 897 1632 diebus
924 1570 1115 1652 Lysimachia

58 1669 170 1730 civitas
207 1666 491 1729 formidolosissimo
527 1676 714 1730 terraemotu
747 1687 870 1747 eversa,
907 1686 1115 1749 oppressoque

58 1767 175 1849 populo
205 1783 263 1828 suo
290 1767 416 1829 crudele
444 1767 639 1847 sepulchrum
667 1767 733 1830 fuit.
778 1767 990 1850 Lysimachum
1012 1774 1141 1830 autem.

58 1868 192 1931 assiduis
205 1870 249 1931 'se
270 1867 442 1948 parricidiis
457 1875 669 1930 cruentantem
685 1885 792 1931 omnes
806 1869 883 1931 socii
899 1864 1114 1945 deserumunt',

59 1977 89 2031 et
104 1969 146 2031 ad
161 1968 326 2032 Seleucum
342 1967 532 2046 deficientes,
554 1987 684 2049 pronum
702 1971 765 2051 jam
786 1987 892 2052 regem
908 1969 1114 2033 aemulatione

58 2070 167 2152 regni,
200 2076 235 2131 ut
266 2069 382 2132 bellom
409 2068 590 2150 Lysimacho
618 2069 763 2152 inferret,
789 2070 901 2134 hortati
927 2077 1008 2133 sunt.
1053 2068 1113 2131 Res

59 2167 231 2232 loedissimi
252 2169 420 2251 spectaculi
442 2179 518 2250 erat,
541 2171 617 2234 duos
639 2189 741 2253 reges,
765 2189 895 2252 quorum
915 2168 1113 2252 Lysimachus

59 2287 159 2332 annos
180 2273 374 2354 septuaginta
396 2277 428 2334 et
454 2278 586 2350 quatuor
612 2277 718 2349 naluS,
750 2272 900 2336 Seleucus
927 2279 1028 2334 autem
1056 2287 1131 2332 se·¹

58 2371 219 2452 ptuaginta
242 2378 274 2433 et
295 2379 428 2451 septem,
451 2371 489 2433 de
512 2373 679 2451 eripiendis
701 2373 881 2434 alterutrum
903 2374 1009 2454 regnis
1031 2388 1110 2434 oon-

60 2489 198 2548 currere,
221 2472 253 2533 in
275 2473 342 2533 acie
364 2479 457 2548 stare,
479 2489 562 2533 arma
583 2489 703 2551 gerere.
741 2470 884 2532 Ultimum
907 2472 966 2532 hoc
988 2471 1112 2550 quidem

58 2572 176 2634 bellum
198 2572 366 2634 Alexandri
388 2571 630 2633 commilitonum
651 2568 725 2648 luit,
747 2571 804 2632 sed
826 2570 908 2651 quod
934 2569 971 2632 ad
1000 2588 1111 2632 exem·

58 2673 144 2752 plum
171 2672 323 2735 humanae
355 2673 497 2735 miseriae
529 2669 634 2733 luerit¹
655 2678 845 2735 reservatum
853 2655 868 2734 ε’
897 2675 1009 2754 quippe
1043 2689 1112 2734 cum

59 2774 166 2836 orbem
189 2781 350 2850 terrarum,
373 2773 533 2837 exstinctis
550 2775 614 2855 jam
636 2773 761 2855 triginta
777 2779 808 2836 et
823 2779 956 2853 quatuor
969 2772 1111 2834 Alexan-

59 2874 104 2936 dri
127 2873 275 2952 dooibus,
303 2874 361 2936 soli
387 2875 596 2954 possiderent,
624 2881 656 2938 et
683 2874 917 2956 angustissimos
944 2872 1112 2935 senectutis

59 2993 94 3036 ac
119 2976 204 3037 vitae
231 2992 306 3036 suae
336 2975 483 3038 terminos
513 2993 575 3038 non
608 2976 830 3055 adspicientes,
862 2981 1009 3057 angustos
1043 2990 1112 3035 esse

59 3075 189 3156 imperio
221 3091 278 3137 suo
305 3075 399 3137 totius
426 3076 533 3139 mundi
559 3077 706 3138 terminos
733 3075 968 3140 arbitrabantur.
1011 3073 1045 3135 ln
1073 3092 1112 3136 eo
1160 3069 1163 3074 “

58 3175 142 3238 bello
168 3174 383 3257 Lysimachus,
411 3175 464 3238 vel
492 3177 611 3238 arnissis
638 3175 690 3236 vel
717 3175 888 3238 interiectis
917 3176 1001 3255 prius
1025 3169 1113 3255 [210]

58 3283 130 3338 ante
156 3276 236 3339 banc
262 3294 395 3358 pugnam
424 3270 600 3356 quindecim
631 3275 754 3354 liberis,
787 3282 959 3355 postremus
991 3275 1114 3336 occisus.

59 3384 114 3438 est.
154 3377 206 3440 Sic
219 3377 419 3463 Lysimachus
437 3377 551 3439 solutio
572 3392 694 3462 pugnae
709 3375 924 3439 Macedonicae
947 3374 1012 3440 luit.
1050 3376 1111 3440 Sed

59 3494 98 3539 ne
128 3477 278 3541 Seleucus
306 3476 430 3558 quidem
462 3485 546 3540 tanta
567 3478 702 3540 uictoria
729 3479 853 3558 impune
885 3477 1015 3541 laetatus
1046 3485 1109 3539 est:

59 3594 128 3639 nam
151 3595 255 3658 neque
277 3578 352 3659 ipsex
365 3585 434 3659 post
455 3586 572 3658 septem
595 3585 626 3639 et
647 3581 841 3661 septuaginta
863 3596 958 3642 annos
974 3580 1110 3660 quietem
1214 3657 1223 3670 ·

59 3679 206 3741 naturalis
222 3681 327 3740 mortis
342 3680 476 3741 invenit:
500 3679 554 3741 scd
577 3686 727 3741 extortam
749 3679 808 3743 sibi
831 3679 997 3742 inlclicitcr
1017 3679 1110 3738 vitam

60 3778 145 3840 velut
166 3779 327 3842 immatura
349 3787 447 3842 morte
468 3779 583 3842 linivit:
608 3781 721 3861 quippe
743 3781 904 3843 insistente
926 3778 1110 3853 Ptolemaeo,

59 3878 147 3957 cujus
168 3897 306 3943 sororem
321 3880 519 3962 Lysimachus
541 3882 574 3943 in
596 3881 789 3943 matrimonio
811 3878 968 3954 habuerat,
991 3875 1110 3938 insidiis

59 3978 288 4045 circumventus
314 3988 346 4044 et
373 3984 495 4046 occisus
517 3988 572 4044 est.
615 3981 699 4045 llaec
720 3986 792 4045 sunt
813 3979 895 4041 inter
914 3984 1056 4058 parentes
1079 3984 1110 4040 et
