2634 4434
567 341 615 410 49

485 441 695 454 —---—.-......

67 577 136 622 num
158 563 286 645 adeptus
308 574 364 630 est.
408 569 558 654 Regnavit
581 577 664 638 enim
686 579 807 642 medius
828 598 934 645 eorum
950 586 1116 671 cambyses

65 661 135 742 Cyri
157 663 253 728 lilius:
284 669 352 748 qui,
381 670 501 735 devicta
527 673 687 757 Aegypto,
716 687 857 743 cunctam
879 682 1012 766 Aegypti
1033 691 1113 752 reli·

63 763 184 838 gionem
212 767 418 850 abominatus,
447 778 638 839 ceremonias
668 781 736 860 ejus
764 788 796 842 et
822 784 935 864 templa
962 786 1114 866 deposuit.

61 860 130 924 Post
152 864 234 928 hunc
255 871 346 932 etiam
365 871 456 954 Magi,
478 876 536 938 sub
551 880 687 963 nomine,
703 898 795 959 quem
810 884 998 963 occiderant,
1018 889 1114 969 regis,

60 978 156 1043 regno
179 966 328 1050 obrepere
355 975 438 1035 ausi:
469 977 523 1055 qni
550 979 674 1056 quidem
697 997 770 1042 mox
791 983 976 1063 deprehensi
997 994 1030 1049 et
1051 1006 1113 1068 op-

59 1065 155 1138 pressi
177 1076 256 1132 stmt.
300 1071 412 1134 Darius
434 1075 553 1155 itaque,
576 1069 656 1142 unus
680 1098 721 1141 ex
741 1080 789 1142 his
810 1085 865 1163 qui
886 1083 996 1166 Mago·
1020 1085 1112 1165 [tor]
1229 1165 1234 1172 ,

57 1178 123 1224 rum
153 1167 311 1234 audaciam
339 1171 423 1236 ferro
451 1187 669 1258 coercuerant,
703 1199 857 1245 consensu
884 1185 1019 1247 omnium
1045 1187 1114 1250 Rex

58 1272 179 1328 creatus
201 1277 258 1348 est,
282 1273 345 1352 qui,
368 1281 527 1355 postquam
549 1278 694 1362 Assyrios
715 1299 752 1344 ac
772 1282 970 1365 Babyloniam
992 1304 1010 1347 a
1031 1287 1111 1350 Per-

58 1379 160 1426 sarum
183 1386 281 1451 regno
302 1373 514 1457 deiicientem,
542 1378 625 1442 bello
650 1384 861 1463 recuperavit,
888 1386 1015 1466 Attyro,
1042 1389 1114 1470 regi

57 1461 256 1546 Scytharum,
288 1470 346 1534 hac
377 1476 429 1538 vel
458 1481 590 1542 maxime
617 1499 709 1544 eausa
736 1482 851 1545 bellum
881 1486 998 1565 intulit,
1026 1489 1110 1568 quod

54 1561 136 1626 tiliae
172 1569 240 1647 ejus
271 1573 381 1648 petitas
412 1576 471 1638 sibi
505 1581 625 1658 nuptias
658 1599 720 1643 non
754 1583 946 1648 obtinuisset.
999 1587 1109 1670 Magna

54 1665 176 1728 seilicet
203 1672 387 1749 necessitas,
415 1691 470 1754 pro
497 1678 590 1739 unius
612 1678 740 1743 libidine
762 1681 893 1745 bominis
915 1688 1110 1767 septingenta

55 1765 148 1829 millia
179 1769 315 1831 virorum
343 1774 481 1852 periculo
503 1779 609 1840 mortis
632 1781 753 1860 exponi.
797 1781 973 1846 incredibili
996 1788 1110 1867 quippe

54 1867 200 1946 adparatu
233 1888 303 1932 oum
336 1875 540 1956 septingentis
573 1879 708 1942 millibus
741 1890 924 1945 armatorum
954 1885 1108 1968 Scythiam

54 1967 223 2048 ingressus,
247 1988 308 2033 non
332 1972 517 2039 iacientibus
539 1976 679 2043 hostibus
696 1984 800 2064 justae
822 2001 944 2066 pugnae
966 1993 1106 2066 potesta-

54 2073 123 2146 tem,
147 2070 274 2153 insuper
295 2076 465 2154 repentinis
487 2079 663 2144 incursibus
685 2090 822 2146 extrema
844 2087 1000 2162 copiarum
1022 2088 1105 2151 dila-

55 2171 243 2251 cerantibus,
267 2181 418 2256 metuens,
447 2195 487 2240 ne
509 2180 569 2243 sibi
590 2183 709 2246 reditus
730 2186 901 2265 interrupto
923 2194 1016 2266 ponte
1038 2187 1108 2251 lstri

54 2267 186 2334 llurninis
215 2265 396 2356 negaretur,
424 2280 543 2342 amissis
572 2284 729 2366 octoginta
757 2284 891 2346 millibus
912 2285 1107 2367 bellatorum,

54 2372 189 2450 trepidus
216 2373 347 2457 refugit,
375 2381 513 2457 quamvis
535 2381 617 2444 hunc
639 2385 819 2446 amissorum
841 2404 1003 2448 numerum
1025 2389 1108 2450 inter

55 2469 161 2534 damna
190 2491 253 2535 non
286 2477 424 2539 duxerit:
459 2486 490 2539 et
524 2497 614 2558 quem
647 2481 825 2544 babendum
857 2486 912 2543 aix
944 2487 1107 2564 quisquam

53 2571 166 2634 ambire
189 2591 282 2637 ausus
305 2583 397 2653 esset,
421 2577 572 2656 perditum
595 2579 647 2641 ille
670 2597 731 2642 non
754 2583 860 2644 sensit.
904 2582 979 2645 lnde
1000 2585 1107 2648 Asiam

52 2668 321 2756 Macedoniamque
336 2678 500 2759 adgressus
515 2680 696 2760 perdomuit.
740 2682 834 2744 Jonas
857 2700 981 2764 quoque
1003 2687 1106 2749 navali

54 2777 269 2854 congressione
291 2779 454 2859 superavit.
486 2781 607 2844 Deinde
630 2783 661 2844 in
677 2782 895 2870 Athenienses,
915 2786 996 2864 quod
1011 2785 1105 2850 Jonas

53 2873 212 2936 adversum
235 2894 269 2940 se
291 2878 406 2942 auxilio
424 2883 595 2963 juvissent,
624 2883 770 2963 impetum
794 2883 884 2962 lecit,
906 2891 999 2964 atque
1021 2903 1105 2948 arma

54 2971 172 3037 direxit
217 2978 310 3040 Porro
332 2987 433 3042 antem
456 2982 681 3063 Athenienses,
710 2983 763 3046 ubi
791 2985 957 3047 adventare
979 2985 1104 3049 Marium

53 3085 277 3157 compererunt,
301 3083 439 3159 quamvis
461 3083 609 3145 auxilium
633 3102 650 3146 a
668 3083 919 3148 Lacedaemoniis
939 3085 1122 3166 poposcis?

53 3180 132 3257 sent,
171 3183 289 3257 tamen,
326 3199 394 3243 cum
428 3183 561 3245 detineri
594 3185 815 3264 quatriduanae
847 3184 1007 3265 religionis
1039 3188 1104 3248 otio

53 3284 238 3356 compertum
261 3279 426 3360 haberent,
449 3301 534 3364 spem
557 3285 720 3346 occasione
742 3290 910 3361 sumentes,
933 3285 986 3344 in·
1011 3281 1101 3362 [108]

52 3378 185 3440 structis'
200 3387 315 3443 tanturn
344 3381 451 3445 decem
478 3382 612 3446 millibus
646 3382 777 3461 civium,
810 3389 842 3444 et
873 3382 1102 3449 Plataeensibus

52 3478 250 3541 auxiliaribus
272 3483 365 3560 mille,
388 3483 550 3546 adversum
572 3491 719 3546 sexcenta
741 3483 834 3557 millia
857 3483 989 3554 hostium
1012 3504 1101 3550 cam·

52 3578 94 3654 pis
116 3577 314 3644 Marathoniis
336 3591 549 3664 proruperunt.
582 3585 733 3648 Miltiades
754 3570 786 3646 el
808 3591 881 3646 tuno
902 3585 984 3647 bello
1006 3605 1100 3666 prae·
1163 3670 1167 3679 ³

53 3673 117 3755 luit,
142 3681 206 3758 qui,
229 3683 387 3746 eeleritate
410 3685 506 3766 magis
529 3702 619 3764 quam
642 3686 756 3748 virtute
778 3683 885 3763 lretus,
908 3685 1001 3748 alacri
1027 3685 1101 3747 satis

53 3779 247 3856 expeditione
281 3783 365 3862 prius
405 3783 486 3847 hosti
518 3787 657 3848 eominus
690 3785 838 3863 inhaesit,
871 3802 962 3865 quam
996 3791 1102 3862 posset

53 3879 194 3958 expedito
220 3883 399 3964 sagittarum
426 3882 510 3946 laetu
537 3884 715 3966 propulsari.
758 3884 853 3946 Tanta
885 3885 918 3944 in
951 3900 989 3944 eo
1019 3883 1101 3946 bello

53 3974 211 4046 diversitas
234 3982 372 4047 certandi
398 3982 473 4061 luit,
501 3992 535 4047 ut
557 3985 615 4049 alia
638 4003 679 4048 ex
700 3991 786 4065 parte
807 3984 867 4045 viri
888 3981 926 4044 ad
948 3983 1100 4048 occiden-
