<?xml version="1.0" encoding="UTF-8"?>
<!DOCTYPE html PUBLIC "-//W3C//DTD XHTML 1.0 Transitional//EN"
    "http://www.w3.org/TR/xhtml1/DTD/xhtml1-transitional.dtd">
<html xmlns="http://www.w3.org/1999/xhtml" xml:lang="en" lang="en">
 <head>
  <title>
</title>
<meta http-equiv="Content-Type" content="text/html;charset=utf-8" />
  <meta name='ocr-system' content='tesseract 3.04.00' />
  <meta name='ocr-capabilities' content='ocr_page ocr_carea ocr_par ocr_line ocrx_word'/>
</head>
<body>
  <div class='ocr_page' id='page_1' title='image "./pauliorosiipres00havegoog_0221.png"; bbox 0 0 2634 4434; ppageno 0'>
   <div class='ocr_carea' id='block_1_1' title="bbox 203 544 1263 831">
    <p class='ocr_par' dir='ltr' id='par_1_1' title="bbox 203 544 1263 831">
     <span class='ocr_line' id='line_1_1' title="bbox 203 544 1261 628; baseline -0.006 -19"><span class='ocrx_word' id='word_1_1' title='bbox 203 546 251 610; x_wconf 80' lang='lat' dir='ltr'><strong>En</strong></span> <span class='ocrx_word' id='word_1_2' title='bbox 273 548 319 609; x_wconf 88' lang='lat' dir='ltr'><strong>bis</strong></span> <span class='ocrx_word' id='word_1_3' title='bbox 343 546 544 628; x_wconf 86' lang='lat' dir='ltr'><strong>quadraginta</strong></span> <span class='ocrx_word' id='word_1_4' title='bbox 565 553 597 608; x_wconf 88' lang='lat' dir='ltr'><strong>et</strong></span> <span class='ocrx_word' id='word_1_5' title='bbox 624 553 741 626; x_wconf 87' lang='lat' dir='ltr'><strong>septem</strong></span> <span class='ocrx_word' id='word_1_6' title='bbox 770 544 864 606; x_wconf 87' lang='lat' dir='ltr'><strong>millia</strong></span> <span class='ocrx_word' id='word_1_7' title='bbox 890 546 922 607; x_wconf 92' lang='lat' dir='ltr'><strong>in</strong></span> <span class='ocrx_word' id='word_1_8' title='bbox 950 545 1033 607; x_wconf 88' lang='lat' dir='ltr'><strong>bello</strong></span> <span class='ocrx_word' id='word_1_9' title='bbox 1061 546 1261 609; x_wconf 83' lang='lat' dir='ltr'><strong>oeciderunt:</strong></span> 
     </span>
     <span class='ocr_line' id='line_1_2' title="bbox 205 646 1263 728; baseline -0.004 -19"><span class='ocrx_word' id='word_1_10' title='bbox 205 654 328 711; x_wconf 84' lang='lat' dir='ltr'><strong>caetera</strong></span> <span class='ocrx_word' id='word_1_11' title='bbox 358 649 393 711; x_wconf 82' lang='lat' dir='ltr'><strong>in</strong></span> <span class='ocrx_word' id='word_1_12' title='bbox 425 656 522 710; x_wconf 87' lang='lat' dir='ltr'><strong>terras</strong></span> <span class='ocrx_word' id='word_1_13' title='bbox 554 648 693 728; x_wconf 89' lang='lat' dir='ltr'><strong>proprias</strong></span> <span class='ocrx_word' id='word_1_14' title='bbox 725 646 853 709; x_wconf 85' lang='lat' dir='ltr'><strong>remissa</strong></span> <span class='ocrx_word' id='word_1_15' title='bbox 885 653 965 708; x_wconf 87' lang='lat' dir='ltr'><strong>aunt.</strong></span> <span class='ocrx_word' id='word_1_16' title='bbox 1010 647 1118 709; x_wconf 85' lang='lat' dir='ltr'><strong>Postea</strong></span> <span class='ocrx_word' id='word_1_17' title='bbox 1150 647 1263 709; x_wconf 86' lang='lat' dir='ltr'><strong>Caesar</strong></span> 
     </span>
     <span class='ocr_line' id='line_1_3' title="bbox 204 745 1261 831; baseline -0.004 -20"><span class='ocrx_word' id='word_1_18' title='bbox 204 745 295 823; x_wconf 82' lang='grc'><strong>[389]</strong></span> <span class='ocrx_word' id='word_1_19' title='bbox 318 749 505 812; x_wconf 83' lang='lat' dir='ltr'><strong>Ariovistum</strong></span> <span class='ocrx_word' id='word_1_20' title='bbox 528 768 645 831; x_wconf 88' lang='lat' dir='ltr'><strong>regem,</strong></span> <span class='ocrx_word' id='word_1_21' title='bbox 668 749 853 810; x_wconf 74' lang='lat' dir='ltr'>excitantem</span> <span class='ocrx_word' id='word_1_22' title='bbox 876 748 1140 827; x_wconf 75' lang='lat' dir='ltr'><strong>invehentemque</strong></span> <span class='ocrx_word' id='word_1_23' title='bbox 1155 766 1261 809; x_wconf 89' lang='lat' dir='ltr'><strong>secum</strong></span> 
     </span>
    </p>
   </div>
   <div class='ocr_carea' id='block_1_2' title="bbox 106 848 1262 929">
    <p class='ocr_par' dir='ltr' id='par_1_2' title="bbox 106 848 1262 929">
     <span class='ocr_line' id='line_1_4' title="bbox 106 848 1262 929; baseline 0 -20"><span class='ocrx_word' id='word_1_24' title='bbox 106 899 109 909; x_wconf 88' lang='lat'><strong>.</strong></span> <span class='ocrx_word' id='word_1_25' title='bbox 203 848 401 913; x_wconf 81' lang='lat' dir='ltr'><strong>incredibiles</strong></span> <span class='ocrx_word' id='word_1_26' title='bbox 431 848 651 911; x_wconf 88' lang='lat' dir='ltr'><strong>Germanorum</strong></span> <span class='ocrx_word' id='word_1_27' title='bbox 680 850 800 929; x_wconf 88' lang='lat' dir='ltr'><strong>copias,</strong></span> <span class='ocrx_word' id='word_1_28' title='bbox 829 848 943 927; x_wconf 93' lang='lat' dir='ltr'><strong>quibus</strong></span> <span class='ocrx_word' id='word_1_29' title='bbox 970 866 1069 928; x_wconf 84' lang='lat' dir='ltr'><strong>nuper</strong></span> <span class='ocrx_word' id='word_1_30' title='bbox 1094 850 1262 909; x_wconf 83' lang='lat' dir='ltr'><strong>universos</strong></span> 
     </span>
    </p>
   </div>
   <div class='ocr_carea' id='block_1_3' title="bbox 184 946 1314 3552">
    <p class='ocr_par' dir='ltr' id='par_1_3' title="bbox 184 946 1314 3552">
     <span class='ocr_line' id='line_1_5' title="bbox 204 946 1262 1031; baseline -0.002 -20"><span class='ocrx_word' id='word_1_31' title='bbox 204 946 368 1013; x_wconf 81' lang='lat' dir='ltr'><strong>Galliarum</strong></span> <span class='ocrx_word' id='word_1_32' title='bbox 399 950 526 1031; x_wconf 89' lang='lat' dir='ltr'><strong>populos</strong></span> <span class='ocrx_word' id='word_1_33' title='bbox 554 966 588 1011; x_wconf 88' lang='lat' dir='ltr'><strong>se</strong></span> <span class='ocrx_word' id='word_1_34' title='bbox 616 949 778 1029; x_wconf 79' lang='lat' dir='ltr'><strong>subegisse</strong></span> <span class='ocrx_word' id='word_1_35' title='bbox 800 948 952 1029; x_wconf 82' lang='lat' dir='ltr'><strong>jactabat,</strong></span> <span class='ocrx_word' id='word_1_36' title='bbox 985 948 1066 1029; x_wconf 90' lang='lat' dir='ltr'><strong>apud</strong></span> <span class='ocrx_word' id='word_1_37' title='bbox 1098 949 1262 1028; x_wconf 81' lang='lat' dir='ltr'><strong>Sequanos</strong></span> 
     </span>
     <span class='ocr_line' id='line_1_6' title="bbox 202 1046 1261 1129; baseline 0 -19"><span class='ocrx_word' id='word_1_38' title='bbox 202 1048 294 1129; x_wconf 63' lang='lat' dir='ltr'><strong>vicit,</strong></span> <span class='ocrx_word' id='word_1_39' title='bbox 316 1052 458 1113; x_wconf 85' lang='lat' dir='ltr'><strong>cumdio</strong></span> <span class='ocrx_word' id='word_1_40' title='bbox 481 1053 636 1113; x_wconf 80' lang='lat' dir='ltr'><strong>exercitus</strong></span> <span class='ocrx_word' id='word_1_41' title='bbox 658 1050 797 1112; x_wconf 80' lang='lat' dir='ltr'><strong>Caesaris</strong></span> <span class='ocrx_word' id='word_1_42' title='bbox 819 1046 1040 1112; x_wconf 83' lang='lat' dir='ltr'><strong>Germanorum</strong></span> <span class='ocrx_word' id='word_1_43' title='bbox 1063 1050 1261 1111; x_wconf 89' lang='lat' dir='ltr'><strong>multitudine</strong></span> 
     </span>
     <span class='ocr_line' id='line_1_7' title="bbox 203 1151 1261 1233; baseline -0.001 -23"><span class='ocrx_word' id='word_1_44' title='bbox 203 1156 235 1210; x_wconf 88' lang='lat' dir='ltr'><strong>et</strong></span> <span class='ocrx_word' id='word_1_45' title='bbox 262 1152 375 1215; x_wconf 87' lang='lat' dir='ltr'><strong>virtute</strong></span> <span class='ocrx_word' id='word_1_46' title='bbox 404 1154 585 1233; x_wconf 85' lang='lat' dir='ltr'><strong>perterritus</strong></span> <span class='ocrx_word' id='word_1_47' title='bbox 615 1169 747 1233; x_wconf 85' lang='lat' dir='ltr'><strong>pugnam</strong></span> <span class='ocrx_word' id='word_1_48' title='bbox 777 1152 985 1213; x_wconf 73' lang='lat' dir='ltr'><strong>detrectasset.</strong></span> <span class='ocrx_word' id='word_1_49' title='bbox 1029 1151 1211 1212; x_wconf 79' lang='lat' dir='ltr'><strong>Ariovistus</strong></span> <span class='ocrx_word' id='word_1_50' title='bbox 1231 1151 1261 1211; x_wconf 92' lang='lat' dir='ltr'><strong>in</strong></span> 
     </span>
     <span class='ocr_line' id='line_1_8' title="bbox 204 1248 1260 1335; baseline 0.001 -25"><span class='ocrx_word' id='word_1_51' title='bbox 204 1248 414 1332; x_wconf 87' lang='lat' dir='ltr'><strong>Germaniam,</strong></span> <span class='ocrx_word' id='word_1_52' title='bbox 437 1261 557 1335; x_wconf 89' lang='lat' dir='ltr'><strong>arrepta</strong></span> <span class='ocrx_word' id='word_1_53' title='bbox 583 1253 724 1317; x_wconf 89' lang='lat' dir='ltr'><strong>navicula</strong></span> <span class='ocrx_word' id='word_1_54' title='bbox 746 1252 887 1313; x_wconf 81' lang='lat' dir='ltr'><strong>Rhenum</strong></span> <span class='ocrx_word' id='word_1_55' title='bbox 909 1258 1118 1331; x_wconf 87' lang='lat' dir='ltr'><strong>transvectus,</strong></span> <span class='ocrx_word' id='word_1_56' title='bbox 1141 1250 1260 1331; x_wconf 83' lang='lat' dir='ltr'><strong>effugit,</strong></span> 
     </span>
     <span class='ocr_line' id='line_1_9' title="bbox 204 1351 1261 1435; baseline 0.002 -25"><span class='ocrx_word' id='word_1_57' title='bbox 204 1367 318 1414; x_wconf 89' lang='lat' dir='ltr'><strong>uxores</strong></span> <span class='ocrx_word' id='word_1_58' title='bbox 341 1355 408 1435; x_wconf 91' lang='lat' dir='ltr'><strong>ejus</strong></span> <span class='ocrx_word' id='word_1_59' title='bbox 436 1354 515 1416; x_wconf 91' lang='lat' dir='ltr'><strong>duae</strong></span> <span class='ocrx_word' id='word_1_60' title='bbox 543 1354 733 1434; x_wconf 88' lang='lat' dir='ltr'><strong>totidemque</strong></span> <span class='ocrx_word' id='word_1_61' title='bbox 760 1353 841 1415; x_wconf 89' lang='lat' dir='ltr'><strong>liliae</strong></span> <span class='ocrx_word' id='word_1_62' title='bbox 868 1359 973 1433; x_wconf 91' lang='lat' dir='ltr'><strong>captae</strong></span> <span class='ocrx_word' id='word_1_63' title='bbox 1000 1359 1079 1413; x_wconf 91' lang='lat' dir='ltr'><strong>sunt.</strong></span> <span class='ocrx_word' id='word_1_64' title='bbox 1124 1351 1261 1414; x_wconf 82' lang='lat' dir='ltr'><strong>Fuerunt</strong></span> 
     </span>
     <span class='ocr_line' id='line_1_10' title="bbox 204 1452 1259 1531; baseline 0.004 -21"><span class='ocrx_word' id='word_1_65' title='bbox 204 1458 304 1512; x_wconf 91' lang='lat' dir='ltr'><strong>autem</strong></span> <span class='ocrx_word' id='word_1_66' title='bbox 329 1454 360 1514; x_wconf 92' lang='lat' dir='ltr'><strong>in</strong></span> <span class='ocrx_word' id='word_1_67' title='bbox 384 1454 524 1516; x_wconf 87' lang='lat' dir='ltr'><strong>exercitu</strong></span> <span class='ocrx_word' id='word_1_68' title='bbox 546 1454 711 1531; x_wconf 85' lang='lat' dir='ltr'><strong>Ariovisti,</strong></span> <span class='ocrx_word' id='word_1_69' title='bbox 739 1454 877 1531; x_wconf 86' lang='lat' dir='ltr'><strong>Arudes,</strong></span> <span class='ocrx_word' id='word_1_70' title='bbox 901 1452 1103 1531; x_wconf 82' lang='lat' dir='ltr'><strong>Marcomani,</strong></span> <span class='ocrx_word' id='word_1_71' title='bbox 1127 1453 1259 1529; x_wconf 85' lang='lat' dir='ltr'><strong>Triboci,</strong></span> 
     </span>
     <span class='ocr_line' id='line_1_11' title="bbox 203 1549 1260 1634; baseline 0.005 -25"><span class='ocrx_word' id='word_1_72' title='bbox 203 1549 396 1633; x_wconf 82' lang='lat' dir='ltr'><strong>Vangiones,</strong></span> <span class='ocrx_word' id='word_1_73' title='bbox 428 1553 598 1632; x_wconf 84' lang='lat' dir='ltr'><strong>Nemetes,</strong></span> <span class='ocrx_word' id='word_1_74' title='bbox 625 1552 756 1616; x_wconf 73' lang='lat' dir='ltr'><strong>Edures</strong></span> <span class='ocrx_word' id='word_1_75' title='bbox 777 1562 809 1615; x_wconf 84' lang='lat' dir='ltr'><strong>ct</strong></span> <span class='ocrx_word' id='word_1_76' title='bbox 844 1554 947 1617; x_wconf 87' lang='lat' dir='ltr'><strong>Saevi.</strong></span> <span class='ocrx_word' id='word_1_77' title='bbox 990 1554 1094 1634; x_wconf 88' lang='lat' dir='ltr'><strong>Pugno</strong></span> <span class='ocrx_word' id='word_1_78' title='bbox 1128 1554 1260 1615; x_wconf 84' lang='lat' dir='ltr'><strong>maxime</strong></span> 
     </span>
     <span class='ocr_line' id='line_1_12' title="bbox 202 1653 1260 1737; baseline 0.003 -26"><span class='ocrx_word' id='word_1_79' title='bbox 202 1653 305 1732; x_wconf 88' lang='lat' dir='ltr'><strong>gravis</strong></span> <span class='ocrx_word' id='word_1_80' title='bbox 322 1672 361 1715; x_wconf 88' lang='lat' dir='ltr'><strong>ex</strong></span> <span class='ocrx_word' id='word_1_81' title='bbox 376 1654 526 1737; x_wconf 81' lang='lat' dir='ltr'><strong>phalange</strong></span> <span class='ocrx_word' id='word_1_82' title='bbox 539 1654 759 1717; x_wconf 88' lang='lat' dir='ltr'><strong>Germanorum</strong></span> <span class='ocrx_word' id='word_1_83' title='bbox 775 1654 843 1734; x_wconf 83' lang='lat' dir='ltr'><strong>fuit,</strong></span> <span class='ocrx_word' id='word_1_84' title='bbox 866 1674 956 1735; x_wconf 86' lang='lat' dir='ltr'><strong>quam</strong></span> <span class='ocrx_word' id='word_1_85' title='bbox 980 1660 1086 1715; x_wconf 90' lang='lat' dir='ltr'><strong>coacto</strong></span> <span class='ocrx_word' id='word_1_86' title='bbox 1108 1655 1141 1715; x_wconf 92' lang='lat' dir='ltr'><strong>in</strong></span> <span class='ocrx_word' id='word_1_87' title='bbox 1165 1672 1260 1715; x_wconf 92' lang='lat' dir='ltr'><strong>unum</strong></span> 
     </span>
     <span class='ocr_line' id='line_1_13' title="bbox 203 1754 1260 1837; baseline 0.002 -25"><span class='ocrx_word' id='word_1_88' title='bbox 203 1754 342 1833; x_wconf 87' lang='lat' dir='ltr'><strong>agmine,</strong></span> <span class='ocrx_word' id='word_1_89' title='bbox 365 1758 524 1837; x_wconf 88' lang='lat' dir='ltr'><strong>scutisque</strong></span> <span class='ocrx_word' id='word_1_90' title='bbox 546 1774 637 1835; x_wconf 89' lang='lat' dir='ltr'><strong>supra</strong></span> <span class='ocrx_word' id='word_1_91' title='bbox 661 1757 757 1834; x_wconf 91' lang='lat' dir='ltr'><strong>capita</strong></span> <span class='ocrx_word' id='word_1_92' title='bbox 781 1757 948 1833; x_wconf 85' lang='lat' dir='ltr'><strong>contextis,</strong></span> <span class='ocrx_word' id='word_1_93' title='bbox 972 1756 1009 1816; x_wconf 91' lang='lat' dir='ltr'><strong>ad</strong></span> <span class='ocrx_word' id='word_1_94' title='bbox 1033 1755 1260 1834; x_wconf 83' lang='lat' dir='ltr'><strong>irrumpendam</strong></span> 
     </span>
     <span class='ocr_line' id='line_1_14' title="bbox 202 1850 1260 1937; baseline 0.003 -25"><span class='ocrx_word' id='word_1_95' title='bbox 202 1850 408 1917; x_wconf 87' lang='lat' dir='ltr'><strong>Romanorum</strong></span> <span class='ocrx_word' id='word_1_96' title='bbox 431 1858 528 1918; x_wconf 86' lang='lat' dir='ltr'><strong>aciem</strong></span> <span class='ocrx_word' id='word_1_97' title='bbox 553 1859 609 1917; x_wconf 92' lang='lat' dir='ltr'><strong>tuti</strong></span> <span class='ocrx_word' id='word_1_98' title='bbox 633 1858 770 1937; x_wconf 89' lang='lat' dir='ltr'><strong>undique</strong></span> <span class='ocrx_word' id='word_1_99' title='bbox 793 1863 1050 1936; x_wconf 83' lang='lat' dir='ltr'><strong>praestruxerant.</strong></span> <span class='ocrx_word' id='word_1_100' title='bbox 1087 1855 1148 1917; x_wconf 90' lang='lat' dir='ltr'><strong>Sed</strong></span> <span class='ocrx_word' id='word_1_101' title='bbox 1171 1861 1260 1934; x_wconf 92' lang='lat' dir='ltr'><strong>post-</strong></span> 
     </span>
     <span class='ocr_line' id='line_1_15' title="bbox 184 1954 1314 2048; baseline 0.004 -36"><span class='ocrx_word' id='word_1_102' title='bbox 184 1956 294 2031; x_wconf 80' lang='lat' dir='ltr'><strong>&#39;quam</strong></span> <span class='ocrx_word' id='word_1_103' title='bbox 317 1954 413 2035; x_wconf 86' lang='lat' dir='ltr'><strong>aliqui</strong></span> <span class='ocrx_word' id='word_1_104' title='bbox 434 1956 639 2019; x_wconf 88' lang='lat' dir='ltr'><strong>Romanorum</strong></span> <span class='ocrx_word' id='word_1_105' title='bbox 663 1957 810 2033; x_wconf 89' lang='lat' dir='ltr'><strong>militum,</strong></span> <span class='ocrx_word' id='word_1_106' title='bbox 833 1957 970 2038; x_wconf 86' lang='lat' dir='ltr'><strong>agilitate</strong></span> <span class='ocrx_word' id='word_1_107' title='bbox 992 1957 1185 2036; x_wconf 85' lang='lat' dir='ltr'><strong>audaciaque</strong></span> <span class='ocrx_word' id='word_1_108' title='bbox 1207 1957 1260 2017; x_wconf 93' lang='lat' dir='ltr'><strong>in·</strong></span> <span class='ocrx_word' id='word_1_109' title='bbox 1313 2003 1314 2048; x_wconf 63' lang='lat'><strong>,</strong></span> 
     </span>
     <span class='ocr_line' id='line_1_16' title="bbox 203 2053 1261 2137; baseline 0.005 -25"><span class='ocrx_word' id='word_1_110' title='bbox 203 2053 324 2133; x_wconf 86' lang='lat' dir='ltr'><strong>signes,</strong></span> <span class='ocrx_word' id='word_1_111' title='bbox 347 2072 438 2136; x_wconf 92' lang='lat' dir='ltr'><strong>supra</strong></span> <span class='ocrx_word' id='word_1_112' title='bbox 461 2056 622 2121; x_wconf 89' lang='lat' dir='ltr'><strong>obductam</strong></span> <span class='ocrx_word' id='word_1_113' title='bbox 645 2059 758 2122; x_wconf 90' lang='lat' dir='ltr'><strong>saliere</strong></span> <span class='ocrx_word' id='word_1_114' title='bbox 780 2058 980 2137; x_wconf 85' lang='lat' dir='ltr'><strong>testudinem,</strong></span> <span class='ocrx_word' id='word_1_115' title='bbox 1004 2060 1165 2137; x_wconf 88' lang='lat' dir='ltr'><strong>scutisque</strong></span> <span class='ocrx_word' id='word_1_116' title='bbox 1191 2058 1261 2118; x_wconf 88' lang='lat' dir='ltr'><strong>sin-</strong></span> 
     </span>
     <span class='ocr_line' id='line_1_17' title="bbox 202 2152 1260 2239; baseline 0.001 -22"><span class='ocrx_word' id='word_1_117' title='bbox 202 2152 342 2234; x_wconf 83' lang='lat' dir='ltr'><strong>gillatim,</strong></span> <span class='ocrx_word' id='word_1_118' title='bbox 364 2157 450 2219; x_wconf 90' lang='lat' dir='ltr'><strong>velut</strong></span> <span class='ocrx_word' id='word_1_119' title='bbox 471 2161 637 2239; x_wconf 88' lang='lat' dir='ltr'><strong>squammis</strong></span> <span class='ocrx_word' id='word_1_120' title='bbox 652 2158 796 2237; x_wconf 89' lang='lat' dir='ltr'><strong>revulsis,</strong></span> <span class='ocrx_word' id='word_1_121' title='bbox 818 2158 952 2238; x_wconf 87' lang='lat' dir='ltr'><strong>desuper</strong></span> <span class='ocrx_word' id='word_1_122' title='bbox 966 2159 1065 2221; x_wconf 92' lang='lat' dir='ltr'><strong>nudos</strong></span> <span class='ocrx_word' id='word_1_123' title='bbox 1080 2156 1260 2238; x_wconf 88' lang='lat' dir='ltr'><strong>deprehen-</strong></span> 
     </span>
     <span class='ocr_line' id='line_1_18' title="bbox 203 2255 1313 2341; baseline 0.004 -26"><span class='ocrx_word' id='word_1_124' title='bbox 203 2270 309 2319; x_wconf 89' lang='lat' dir='ltr'><strong>sorum</strong></span> <span class='ocrx_word' id='word_1_125' title='bbox 336 2257 590 2340; x_wconf 80' lang='lat' dir='ltr'><strong>detectorumque</strong></span> <span class='ocrx_word' id='word_1_126' title='bbox 616 2260 762 2323; x_wconf 86' lang='lat' dir='ltr'><strong>humeros</strong></span> <span class='ocrx_word' id='word_1_127' title='bbox 788 2259 1004 2341; x_wconf 81' lang='lat' dir='ltr'><strong>perfoderunt,</strong></span> <span class='ocrx_word' id='word_1_128' title='bbox 1033 2260 1134 2321; x_wconf 90' lang='lat' dir='ltr'><strong>territi</strong></span> <span class='ocrx_word' id='word_1_129' title='bbox 1156 2258 1262 2321; x_wconf 87' lang='lat' dir='ltr'><strong>hostes</strong></span> <span class='ocrx_word' id='word_1_130' title='bbox 1312 2255 1313 2268; x_wconf 59' lang='lat'>¹</span> 
     </span>
     <span class='ocr_line' id='line_1_19' title="bbox 199 2359 1259 2442; baseline 0.01 -32"><span class='ocrx_word' id='word_1_131' title='bbox 199 2371 286 2416; x_wconf 91' lang='lat' dir='ltr'><strong>novo</strong></span> <span class='ocrx_word' id='word_1_132' title='bbox 309 2360 414 2421; x_wconf 88' lang='lat' dir='ltr'><strong>mortis</strong></span> <span class='ocrx_word' id='word_1_133' title='bbox 435 2361 572 2439; x_wconf 86' lang='lat' dir='ltr'><strong>periculo</strong></span> <span class='ocrx_word' id='word_1_134' title='bbox 592 2362 761 2426; x_wconf 83' lang='lat' dir='ltr'><strong>terribilem</strong></span> <span class='ocrx_word' id='word_1_135' title='bbox 778 2361 948 2425; x_wconf 83' lang='lat' dir='ltr'><strong>dissolvere</strong></span> <span class='ocrx_word' id='word_1_136' title='bbox 969 2378 1157 2442; x_wconf 81' lang='lat' dir='ltr'><strong>compagem.</strong></span> <span class='ocrx_word' id='word_1_137' title='bbox 1193 2359 1259 2421; x_wconf 82' lang='lat' dir='ltr'><strong>Ex-</strong></span> 
     </span>
     <span class='ocr_line' id='line_1_20' title="bbox 204 2454 1260 2543; baseline 0.004 -27"><span class='ocrx_word' id='word_1_138' title='bbox 204 2454 278 2518; x_wconf 91' lang='lat' dir='ltr'><strong>inde</strong></span> <span class='ocrx_word' id='word_1_139' title='bbox 306 2458 338 2521; x_wconf 91' lang='lat' dir='ltr'><strong>in</strong></span> <span class='ocrx_word' id='word_1_140' title='bbox 367 2458 470 2542; x_wconf 86' lang='lat' dir='ltr'><strong>sugam</strong></span> <span class='ocrx_word' id='word_1_141' title='bbox 495 2464 576 2525; x_wconf 89' lang='lat' dir='ltr'><strong>versi</strong></span> <span class='ocrx_word' id='word_1_142' title='bbox 598 2481 654 2543; x_wconf 91' lang='lat' dir='ltr'><strong>per</strong></span> <span class='ocrx_word' id='word_1_143' title='bbox 676 2463 899 2543; x_wconf 87' lang='lat' dir='ltr'><strong>quinquaginta</strong></span> <span class='ocrx_word' id='word_1_144' title='bbox 922 2462 1016 2523; x_wconf 89' lang='lat' dir='ltr'><strong>millia</strong></span> <span class='ocrx_word' id='word_1_145' title='bbox 1038 2478 1185 2541; x_wconf 85' lang='lat' dir='ltr'><strong>passuum</strong></span> <span class='ocrx_word' id='word_1_146' title='bbox 1208 2461 1260 2521; x_wconf 89' lang='lat' dir='ltr'><strong>in-</strong></span> 
     </span>
     <span class='ocr_line' id='line_1_21' title="bbox 203 2558 1260 2650; baseline 0.003 -32"><span class='ocrx_word' id='word_1_147' title='bbox 203 2558 386 2623; x_wconf 84' lang='lat' dir='ltr'><strong>satiabiliter</strong></span> <span class='ocrx_word' id='word_1_148' title='bbox 408 2564 494 2628; x_wconf 80' lang='lat' dir='ltr'><strong>caesi·</strong></span> <span class='ocrx_word' id='word_1_149' title='bbox 513 2571 601 2650; x_wconf 85' lang='lat' dir='ltr'><strong>sunt,</strong></span> <span class='ocrx_word' id='word_1_150' title='bbox 625 2580 730 2643; x_wconf 88' lang='lat' dir='ltr'><strong>neque</strong></span> <span class='ocrx_word' id='word_1_151' title='bbox 750 2563 984 2644; x_wconf 80' lang='lat' dir='ltr'><strong>conjicipotuit</strong></span> <span class='ocrx_word' id='word_1_152' title='bbox 1005 2578 1154 2623; x_wconf 89' lang='lat' dir='ltr'><strong>numerus</strong></span> <span class='ocrx_word' id='word_1_153' title='bbox 1178 2559 1260 2621; x_wconf 85' lang='lat' dir='ltr'><strong>Ger·</strong></span> 
     </span>
     <span class='ocr_line' id='line_1_22' title="bbox 204 2660 1262 2743; baseline 0.005 -27"><span class='ocrx_word' id='word_1_154' title='bbox 204 2674 373 2741; x_wconf 90' lang='lat' dir='ltr'><strong>manorum,</strong></span> <span class='ocrx_word' id='word_1_155' title='bbox 396 2663 447 2725; x_wconf 94' lang='lat' dir='ltr'><strong>vel</strong></span> <span class='ocrx_word' id='word_1_156' title='bbox 470 2670 602 2743; x_wconf 90' lang='lat' dir='ltr'><strong>quantus</strong></span> <span class='ocrx_word' id='word_1_157' title='bbox 623 2681 747 2743; x_wconf 88' lang='lat' dir='ltr'><strong>pugnae</strong></span> <span class='ocrx_word' id='word_1_158' title='bbox 769 2662 913 2741; x_wconf 82' lang='lat' dir='ltr'><strong>adiuerit,</strong></span> <span class='ocrx_word' id='word_1_159' title='bbox 938 2663 989 2725; x_wconf 91' lang='lat' dir='ltr'><strong>vel</strong></span> <span class='ocrx_word' id='word_1_160' title='bbox 1012 2669 1146 2743; x_wconf 89' lang='lat' dir='ltr'><strong>quantus</strong></span> <span class='ocrx_word' id='word_1_161' title='bbox 1168 2660 1262 2723; x_wconf 87' lang='lat' dir='ltr'><strong>fuerit</strong></span> 
     </span>
     <span class='ocr_line' id='line_1_23' title="bbox 205 2759 1311 2846; baseline 0.005 -28"><span class='ocrx_word' id='word_1_162' title='bbox 205 2759 385 2825; x_wconf 88' lang='lat' dir='ltr'><strong>occisorum.</strong></span> <span class='ocrx_word' id='word_1_163' title='bbox 430 2762 501 2827; x_wconf 91' lang='lat' dir='ltr'><strong>Post</strong></span> <span class='ocrx_word' id='word_1_164' title='bbox 530 2764 607 2827; x_wconf 88' lang='lat' dir='ltr'><strong>haec</strong></span> <span class='ocrx_word' id='word_1_165' title='bbox 635 2763 797 2846; x_wconf 82' lang='lat' dir='ltr'><strong>Belgarum</strong></span> <span class='ocrx_word' id='word_1_166' title='bbox 829 2781 923 2845; x_wconf 90' lang='lat' dir='ltr'><strong>gens,</strong></span> <span class='ocrx_word' id='word_1_167' title='bbox 957 2783 1037 2844; x_wconf 89' lang='lat' dir='ltr'><strong>quae</strong></span> <span class='ocrx_word' id='word_1_168' title='bbox 1070 2764 1161 2825; x_wconf 86' lang='lat' dir='ltr'><strong>tertia</strong></span> <span class='ocrx_word' id='word_1_169' title='bbox 1194 2778 1263 2842; x_wconf 85' lang='lat' dir='ltr'><strong>pars</strong></span> <span class='ocrx_word' id='word_1_170' title='bbox 1310 2773 1311 2844; x_wconf 69' lang='lat' dir='ltr'><strong>p</strong></span> 
     </span>
     <span class='ocr_line' id='line_1_24' title="bbox 204 2854 1311 2950; baseline 0.002 -29"><span class='ocrx_word' id='word_1_171' title='bbox 204 2854 567 2943; x_wconf 70' lang='lat' dir='ltr'><strong>[3901Galliarumest,</strong></span> <span class='ocrx_word' id='word_1_172' title='bbox 595 2866 743 2928; x_wconf 89' lang='lat' dir='ltr'><strong>adversus</strong></span> <span class='ocrx_word' id='word_1_173' title='bbox 773 2866 935 2929; x_wconf 85' lang='lat' dir='ltr'><strong>Caesarem</strong></span> <span class='ocrx_word' id='word_1_174' title='bbox 957 2868 1081 2928; x_wconf 75' lang='lat' dir='ltr'><strong>exarsit</strong></span> <span class='ocrx_word' id='word_1_175' title='bbox 1124 2865 1261 2938; x_wconf 82' lang='lat' dir='ltr'><strong>Quorum</strong></span> <span class='ocrx_word' id='word_1_176' title='bbox 1310 2855 1311 2950; x_wconf 68' lang='lat' dir='ltr'><strong>l</strong></span> 
     </span>
     <span class='ocr_line' id='line_1_25' title="bbox 204 2959 1260 3046; baseline 0.003 -25"><span class='ocrx_word' id='word_1_177' title='bbox 204 2959 388 3029; x_wconf 84' lang='lat' dir='ltr'><strong>distributim</strong></span> <span class='ocrx_word' id='word_1_178' title='bbox 412 2960 502 3044; x_wconf 85' lang='lat' dir='ltr'><strong>copia</strong></span> <span class='ocrx_word' id='word_1_179' title='bbox 521 2964 598 3030; x_wconf 85' lang='lat' dir='ltr'><strong>haec</strong></span> <span class='ocrx_word' id='word_1_180' title='bbox 620 2965 688 3028; x_wconf 88' lang='lat' dir='ltr'><strong>luit.</strong></span> <span class='ocrx_word' id='word_1_181' title='bbox 725 2964 891 3043; x_wconf 88' lang='lat' dir='ltr'><strong>Bellovaci,</strong></span> <span class='ocrx_word' id='word_1_182' title='bbox 915 2967 971 3046; x_wconf 92' lang='lat' dir='ltr'><strong>qui</strong></span> <span class='ocrx_word' id='word_1_183' title='bbox 983 2966 1116 3029; x_wconf 86' lang='lat' dir='ltr'><strong>caeteris</strong></span> <span class='ocrx_word' id='word_1_184' title='bbox 1130 2980 1260 3026; x_wconf 90' lang='lat' dir='ltr'><strong>numero</strong></span> 
     </span>
     <span class='ocr_line' id='line_1_26' title="bbox 204 3062 1310 3146; baseline 0.006 -27"><span class='ocrx_word' id='word_1_185' title='bbox 204 3065 237 3121; x_wconf 88' lang='lat' dir='ltr'><strong>et</strong></span> <span class='ocrx_word' id='word_1_186' title='bbox 258 3062 372 3127; x_wconf 85' lang='lat' dir='ltr'><strong>virtute</strong></span> <span class='ocrx_word' id='word_1_187' title='bbox 394 3072 554 3146; x_wconf 77' lang='lat' dir='ltr'><strong>praestare.</strong></span> <span class='ocrx_word' id='word_1_188' title='bbox 578 3066 774 3143; x_wconf 78' lang='lat' dir='ltr'><strong>viderentur,</strong></span> <span class='ocrx_word' id='word_1_189' title='bbox 804 3067 942 3131; x_wconf 84' lang='lat' dir='ltr'><strong>habuere</strong></span> <span class='ocrx_word' id='word_1_190' title='bbox 969 3068 1137 3131; x_wconf 82' lang='lat' dir='ltr'><strong>lectissima</strong></span> <span class='ocrx_word' id='word_1_191' title='bbox 1163 3082 1260 3128; x_wconf 81' lang='lat' dir='ltr'><strong>sexa-</strong></span> <span class='ocrx_word' id='word_1_192' title='bbox 1309 3084 1310 3106; x_wconf 60' lang='lat'>¹</span> 
     </span>
     <span class='ocr_line' id='line_1_27' title="bbox 203 3109 1310 3247; baseline 0.003 -24"><span class='ocrx_word' id='word_1_193' title='bbox 203 3162 289 3242; x_wconf 82' lang='lat' dir='ltr'><strong>ginta</strong></span> <span class='ocrx_word' id='word_1_194' title='bbox 322 3166 644 3243; x_wconf 63' lang='lat' dir='ltr'><strong>scitamentorum</strong></span> <span class='ocrx_word' id='word_1_195' title='bbox 674 3168 858 3232; x_wconf 79' lang='lat' dir='ltr'><strong>Suessiones</strong></span> <span class='ocrx_word' id='word_1_196' title='bbox 886 3187 926 3229; x_wconf 81' lang='lat' dir='ltr'><strong>ex</strong></span> <span class='ocrx_word' id='word_1_197' title='bbox 953 3168 1116 3231; x_wconf 86' lang='lat' dir='ltr'><strong>duodecim</strong></span> <span class='ocrx_word' id='word_1_198' title='bbox 1144 3165 1262 3247; x_wconf 85' lang='lat' dir='ltr'><strong>oppidis</strong></span> <span class='ocrx_word' id='word_1_199' title='bbox 1309 3109 1310 3204; x_wconf 43' lang='lat' dir='ltr'><strong>l</strong></span> 
     </span>
     <span class='ocr_line' id='line_1_28' title="bbox 205 3264 1309 3349; baseline -0.001 -21"><span class='ocrx_word' id='word_1_200' title='bbox 205 3264 429 3348; x_wconf 64' lang='lat' dir='ltr'><strong>quinquaginta</strong></span> <span class='ocrx_word' id='word_1_201' title='bbox 451 3270 562 3345; x_wconf 83' lang='lat' dir='ltr'><strong>millia3</strong></span> <span class='ocrx_word' id='word_1_202' title='bbox 586 3268 709 3345; x_wconf 88' lang='lat' dir='ltr'><strong>Nervii,</strong></span> <span class='ocrx_word' id='word_1_203' title='bbox 733 3286 863 3349; x_wconf 87' lang='lat' dir='ltr'><strong>qaorum</strong></span> <span class='ocrx_word' id='word_1_204' title='bbox 886 3270 965 3332; x_wconf 90' lang='lat' dir='ltr'><strong>adeo</strong></span> <span class='ocrx_word' id='word_1_205' title='bbox 986 3270 1134 3332; x_wconf 89' lang='lat' dir='ltr'><strong>indomita</strong></span> <span class='ocrx_word' id='word_1_206' title='bbox 1157 3266 1260 3329; x_wconf 81' lang='lat' dir='ltr'><strong>teritos</strong></span> <span class='ocrx_word' id='word_1_207' title='bbox 1308 3299 1309 3302; x_wconf 61' lang='lat'><em>=</em></span> 
     </span>
     <span class='ocr_line' id='line_1_29' title="bbox 204 3364 1262 3452; baseline 0.005 -29"><span class='ocrx_word' id='word_1_208' title='bbox 204 3364 456 3448; x_wconf 84' lang='lat' dir='ltr'><strong>praedicabatur,</strong></span> <span class='ocrx_word' id='word_1_209' title='bbox 481 3378 516 3434; x_wconf 84' lang='lat' dir='ltr'><strong>ut</strong></span> <span class='ocrx_word' id='word_1_210' title='bbox 543 3388 703 3451; x_wconf 79' lang='lat' dir='ltr'><strong>nunquam</strong></span> <span class='ocrx_word' id='word_1_211' title='bbox 728 3372 760 3433; x_wconf 90' lang='lat' dir='ltr'><strong>in</strong></span> <span class='ocrx_word' id='word_1_212' title='bbox 789 3370 821 3431; x_wconf 90' lang='lat' dir='ltr'><strong>id</strong></span> <span class='ocrx_word' id='word_1_213' title='bbox 847 3373 993 3452; x_wconf 89' lang='lat' dir='ltr'><strong>temporis</strong></span> <span class='ocrx_word' id='word_1_214' title='bbox 1016 3376 1205 3432; x_wconf 80' lang='lat' dir='ltr'><strong>mercatores</strong></span> <span class='ocrx_word' id='word_1_215' title='bbox 1225 3367 1262 3429; x_wconf 88' lang='lat' dir='ltr'><strong>ad</strong></span> 
     </span>
     <span class='ocr_line' id='line_1_30' title="bbox 204 3464 1308 3552; baseline 0.005 -29"><span class='ocrx_word' id='word_1_216' title='bbox 204 3478 240 3523; x_wconf 90' lang='lat' dir='ltr'><strong>se</strong></span> <span class='ocrx_word' id='word_1_217' title='bbox 262 3464 441 3531; x_wconf 87' lang='lat' dir='ltr'><strong>admiserint</strong></span> <span class='ocrx_word' id='word_1_218' title='bbox 462 3471 534 3531; x_wconf 89' lang='lat' dir='ltr'><strong>vina</strong></span> <span class='ocrx_word' id='word_1_219' title='bbox 557 3478 742 3552; x_wconf 85' lang='lat' dir='ltr'><strong>caeteraque</strong></span> <span class='ocrx_word' id='word_1_220' title='bbox 764 3472 887 3535; x_wconf 88' lang='lat' dir='ltr'><strong>venalia</strong></span> <span class='ocrx_word' id='word_1_221' title='bbox 909 3469 1053 3548; x_wconf 83' lang='lat' dir='ltr'><strong>deferre,</strong></span> <span class='ocrx_word' id='word_1_222' title='bbox 1073 3469 1188 3550; x_wconf 91' lang='lat' dir='ltr'><strong>quibus</strong></span> <span class='ocrx_word' id='word_1_223' title='bbox 1209 3469 1260 3529; x_wconf 92' lang='lat' dir='ltr'><strong>in·</strong></span> <span class='ocrx_word' id='word_1_224' title='bbox 1307 3505 1308 3546; x_wconf 69' lang='lat'>3</span> 
     </span>
    </p>
   </div>
   <div class='ocr_carea' id='block_1_4' title="bbox 206 3562 1308 4050">
    <p class='ocr_par' dir='ltr' id='par_1_4' title="bbox 206 3562 1308 4050">
     <span class='ocr_line' id='line_1_31' title="bbox 206 3562 1308 3653; baseline 0.004 -27"><span class='ocrx_word' id='word_1_225' title='bbox 206 3562 296 3629; x_wconf 89' lang='lat' dir='ltr'><strong>ducta</strong></span> <span class='ocrx_word' id='word_1_226' title='bbox 314 3568 493 3648; x_wconf 87' lang='lat' dir='ltr'><strong>jucunditas</strong></span> <span class='ocrx_word' id='word_1_227' title='bbox 515 3577 672 3653; x_wconf 82' lang='lat' dir='ltr'><strong>torporem</strong></span> <span class='ocrx_word' id='word_1_228' title='bbox 692 3573 815 3633; x_wconf 84' lang='lat' dir='ltr'><strong>virtutis</strong></span> <span class='ocrx_word' id='word_1_229' title='bbox 837 3570 988 3649; x_wconf 82' lang='lat' dir='ltr'><strong>adferret,</strong></span> <span class='ocrx_word' id='word_1_230' title='bbox 1017 3571 1195 3633; x_wconf 82' lang='lat' dir='ltr'><strong>babuerunt</strong></span> <span class='ocrx_word' id='word_1_231' title='bbox 1214 3570 1259 3631; x_wconf 89' lang='lat' dir='ltr'><strong>si·</strong></span> <span class='ocrx_word' id='word_1_232' title='bbox 1307 3562 1308 3604; x_wconf 55' lang='lat' dir='ltr'><strong>l</strong></span> 
     </span>
     <span class='ocr_line' id='line_1_32' title="bbox 206 3629 1308 3753; baseline 0 -24"><span class='ocrx_word' id='word_1_233' title='bbox 206 3668 319 3753; x_wconf 77' lang='lat' dir='ltr'><strong>mibter</strong></span> <span class='ocrx_word' id='word_1_234' title='bbox 342 3671 565 3753; x_wconf 87' lang='lat' dir='ltr'><strong>quinquaginta</strong></span> <span class='ocrx_word' id='word_1_235' title='bbox 589 3672 698 3735; x_wconf 83' lang='lat' dir='ltr'><strong>millia:</strong></span> <span class='ocrx_word' id='word_1_236' title='bbox 730 3670 895 3735; x_wconf 85' lang='lat' dir='ltr'><strong>Atrebates</strong></span> <span class='ocrx_word' id='word_1_237' title='bbox 922 3679 956 3733; x_wconf 88' lang='lat' dir='ltr'><strong>et</strong></span> <span class='ocrx_word' id='word_1_238' title='bbox 983 3671 1129 3733; x_wconf 68' lang='lat' dir='ltr'><strong>Ambiani</strong></span> <span class='ocrx_word' id='word_1_239' title='bbox 1156 3670 1260 3731; x_wconf 88' lang='lat' dir='ltr'><strong>decem</strong></span> <span class='ocrx_word' id='word_1_240' title='bbox 1307 3629 1308 3710; x_wconf 52' lang='lat' dir='ltr'><strong>l</strong></span> 
     </span>
     <span class='ocr_line' id='line_1_33' title="bbox 206 3768 1260 3853; baseline 0.002 -25"><span class='ocrx_word' id='word_1_241' title='bbox 206 3768 311 3847; x_wconf 90' lang='lat' dir='ltr'><strong>millia,</strong></span> <span class='ocrx_word' id='word_1_242' title='bbox 334 3769 444 3835; x_wconf 88' lang='lat' dir='ltr'><strong>lllcrini</strong></span> <span class='ocrx_word' id='word_1_243' title='bbox 467 3772 718 3853; x_wconf 85' lang='lat' dir='ltr'><strong>vigintiquinque</strong></span> <span class='ocrx_word' id='word_1_244' title='bbox 741 3771 846 3850; x_wconf 90' lang='lat' dir='ltr'><strong>millia,</strong></span> <span class='ocrx_word' id='word_1_245' title='bbox 869 3770 1002 3853; x_wconf 85' lang='lat' dir='ltr'><strong>Menapii</strong></span> <span class='ocrx_word' id='word_1_246' title='bbox 1025 3789 1139 3834; x_wconf 86' lang='lat' dir='ltr'><strong>novem</strong></span> <span class='ocrx_word' id='word_1_247' title='bbox 1159 3769 1260 3846; x_wconf 87' lang='lat' dir='ltr'><strong>millia,</strong></span> 
     </span>
     <span class='ocr_line' id='line_1_34' title="bbox 208 3866 1258 3960; baseline 0.005 -32"><span class='ocrx_word' id='word_1_248' title='bbox 208 3866 307 3930; x_wconf 83' lang='lat' dir='ltr'><strong>Caleti</strong></span> <span class='ocrx_word' id='word_1_249' title='bbox 333 3870 445 3935; x_wconf 81' lang='lat' dir='ltr'><strong>decem</strong></span> <span class='ocrx_word' id='word_1_250' title='bbox 464 3871 570 3949; x_wconf 84' lang='lat' dir='ltr'><strong>millia,</strong></span> <span class='ocrx_word' id='word_1_251' title='bbox 592 3870 772 3933; x_wconf 85' lang='lat' dir='ltr'><strong>Velooasses</strong></span> <span class='ocrx_word' id='word_1_252' title='bbox 795 3876 826 3933; x_wconf 90' lang='lat' dir='ltr'><strong>et</strong></span> <span class='ocrx_word' id='word_1_253' title='bbox 848 3870 1056 3960; x_wconf 79' lang='lat' dir='ltr'><strong>Veromondui</strong></span> <span class='ocrx_word' id='word_1_254' title='bbox 1078 3889 1180 3953; x_wconf 85' lang='lat' dir='ltr'><strong>aeque</strong></span> <span class='ocrx_word' id='word_1_255' title='bbox 1202 3870 1258 3933; x_wconf 85' lang='lat' dir='ltr'><strong>de·</strong></span> 
     </span>
     <span class='ocr_line' id='line_1_35' title="bbox 207 3967 1256 4050; baseline 0.008 -25"><span class='ocrx_word' id='word_1_256' title='bbox 207 3981 275 4027; x_wconf 86' lang='lat' dir='ltr'><strong>cem</strong></span> <span class='ocrx_word' id='word_1_257' title='bbox 296 3967 400 4047; x_wconf 89' lang='lat' dir='ltr'><strong>millia,</strong></span> <span class='ocrx_word' id='word_1_258' title='bbox 422 3971 563 4035; x_wconf 84' lang='lat' dir='ltr'><strong>Aduatioi</strong></span> <span class='ocrx_word' id='word_1_259' title='bbox 583 3968 757 4033; x_wconf 85' lang='lat' dir='ltr'><strong>octodecim</strong></span> <span class='ocrx_word' id='word_1_260' title='bbox 770 3971 884 4037; x_wconf 80' lang='lat' dir='ltr'><strong>millio:</strong></span> <span class='ocrx_word' id='word_1_261' title='bbox 908 3973 1071 4050; x_wconf 81' lang='lat' dir='ltr'><strong>Condrusi,</strong></span> <span class='ocrx_word' id='word_1_262' title='bbox 1094 3972 1256 4037; x_wconf 75' lang='lat' dir='ltr'><strong>Eburones</strong></span> 
     </span>
    </p>
   </div>
   <div class='ocr_carea' id='block_1_5' title="bbox 0 0 1324 4434">
    <p class='ocr_par' dir='ltr' id='par_1_5' title="bbox 0 0 1324 4434">
     <span class='ocr_line' id='line_1_36' title="bbox 0 0 1324 4434; baseline 0 0"><span class='ocrx_word' id='word_1_263' title='bbox 0 0 1324 4434; x_wconf 95' lang='lat' dir='ltr'><strong> </strong></span> 
     </span>
    </p>
   </div>
  </div>
 </body>
</html>
