2634 4434
682 366 755 434 260

192 607 324 664 senatus.
368 597 443 663 Nam
465 600 549 681 regi,
572 617 777 680 quaecunque
800 597 958 660 voluntate
982 596 1128 675 faciebat,
1152 597 1246 659 volu-

191 709 257 782 ptas
280 706 359 762 erat:
383 707 476 780 atque
499 719 539 763 ex
562 701 806 762 mansuetissimo
828 700 966 778 principe
989 698 1169 760 saevissima
1185 699 1246 759 be-

191 802 249 864 stia
276 801 398 880 exarsit.
442 799 517 863 Nam
544 801 691 881 plurimos
725 807 900 862 senatorum
935 799 1112 879 proscripsit
1145 806 1176 860 et
1210 799 1248 860 ad

191 908 320 963 mortem
343 901 452 980 coegit.
496 899 612 981 Viginti
638 901 698 963 sibi
720 901 865 961 Patricius
894 901 976 960 viros
1005 899 1125 961 consilii
1155 916 1249 962 causa

191 1001 325 1082 legerat;
349 1001 456 1061 horum
473 1002 525 1061 vix
540 1000 617 1062 duos
633 1000 802 1061 incolumes
818 1000 954 1080 reliquit,
977 1006 1097 1061 ceteros
1115 1000 1247 1061 diversis

192 1103 293 1164 causis
307 1102 438 1162 necavit.
476 1100 631 1182 sejanum,
647 1099 836 1180 praelectum
859 1119 959 1177 suum,
981 1118 1032 1162 res
1055 1116 1151 1161 novas
1174 1117 1245 1160 mo·

192 1201 318 1264 lientem
352 1199 514 1264 interiecit.
558 1201 650 1263 Filios
683 1218 755 1264 suos
787 1200 918 1263 Drusum
955 1207 985 1262 et
1020 1198 1246 1278 Germanicum,

193 1320 322 1382 quorum
344 1302 462 1364 Drusus
485 1301 642 1378 naturalis,
667 1300 865 1364 Germanicus
887 1302 1047 1381 adoptivus
1070 1307 1146 1376 erat,
1175 1319 1245 1361 ma-

192 1401 313 1465 nifestis
342 1402 457 1464 veneni
484 1402 581 1480 signis
609 1401 748 1481 perdidit.
794 1402 885 1464 Filios
914 1401 1086 1464 Germanici
1114 1401 1168 1463 filii
1197 1403 1246 1462 sui

192 1499 356 1563 interiecit.
406 1499 534 1562 Referre
568 1502 744 1583 singillatim
779 1502 857 1564 facta
891 1504 957 1584 ejus
989 1501 1095 1563 horret
1127 1502 1246 1563 animus

192 1602 365 1683 pudetque,
393 1607 475 1662 tanta
497 1600 632 1663 libidinis
655 1610 687 1663 et
709 1602 898 1665 crudelitatis
920 1603 1006 1664 rabie
1029 1601 1189 1686 efferbuit,
1214 1609 1247 1663 ut

193 1704 247 1783 qui
268 1708 448 1781 spreverant
478 1701 597 1763 Christo
625 1720 700 1783 rege
729 1702 856 1785 salvari,
884 1721 959 1784 rege
988 1703 1119 1765 Caesare
1148 1703 1246 1782 puni-

122 1848 125 1853 ·
192 1811 307 1866 rentur.
350 1802 448 1883 Hujus
478 1809 579 1863 tamen
607 1802 730 1882 imperii
757 1821 838 1866 anno
871 1804 1067 1866 duodecimo:
1101 1820 1183 1864 nova
1216 1810 1248 1863 ct

77 1904 85 1926 “
192 1903 382 1966 incredibilis
409 1903 511 1965 clades
538 1903 618 1982 apud
644 1903 834 1965 Fidenatium
862 1904 969 1965 urbem
1000 1903 1119 1965 accidit.
1163 1902 1247 1964 Am-

192 2004 356 2084 phitheatri
379 2021 472 2064 cavea
494 2003 606 2081 populo
628 2002 841 2083 gladiatorium
866 2022 976 2066 munus
998 2011 1155 2083 spectante
1174 2003 1247 2064 col-

192 2104 276 2184 lapsa
298 2111 354 2180 est,
378 2108 409 2165 et
430 2102 589 2182 plusquam
613 2104 723 2184 viginti
747 2104 839 2164 millia
855 2103 1010 2165 hominum
1027 2104 1147 2166 occidit.
1184 2103 1248 2165 Di-

194 2201 285 2279 [462]
315 2222 409 2286 gnum
439 2220 514 2264 sane
541 2205 671 2281 posteris
700 2209 802 2265 tantae
829 2206 1030 2285 correptionis
1059 2203 1249 2284 exemplum,

193 2314 267 2367 tune
289 2306 327 2365 ad
349 2303 529 2384 spectandas
551 2304 707 2364 hominum
731 2311 843 2366 mortes
867 2306 971 2366 avidos
994 2305 1134 2367 homines
1163 2321 1249 2365 oon-

193 2406 333 2481 venisse‚
371 2403 494 2485 quando
530 2422 585 2482 pro
621 2405 720 2465 salute
752 2403 908 2467 hominum
943 2405 1132 2485 providenda
1160 2404 1251 2466 Deus

193 2506 284 2568 homo
300 2522 369 2568 esse
385 2504 541 2567 voluisset.
577 2505 697 2567 Deinde
721 2522 800 2565 anno
817 2505 953 2586 ejusdem
970 2505 1249 2584 decimoseptimo,

178 2625 263 2668 cum
286 2606 435 2666 Dominus
457 2605 547 2666 lesus
564 2605 701 2666 Christus
724 2603 896 2666 voluntarie
920 2605 1042 2686 quidem
1065 2622 1100 2666 se
1123 2605 1252 2667 tradidit

193 2706 338 2787 passioni,
360 2705 414 2766 sed
437 2706 530 2784 impie
552 2705 709 2766 aludaeis
732 2704 940 2785 adprehensus
963 2712 994 2766 et
1015 2705 1152 2785 patibulo
1174 2702 1250 2766 sui-

193 2805 273 2869 iixus
301 2812 363 2880 est,
392 2806 522 2866 maximo
550 2812 650 2868 terrae
680 2813 763 2868 motu
790 2824 845 2886 per
871 2806 976 2867 orbem
999 2803 1095 2882 sacto,
1119 2821 1194 2866 saxa
1214 2806 1251 2884 in

194 2907 349 2969 montibus
371 2908 465 2968 scissa
487 2912 569 2981 sunt,
593 2908 853 2986 maximarumque
869 2906 990 2968 urbium
1006 2904 1156 2984 plurimae
1171 2923 1250 2984 par-

194 3015 241 3068 tes
264 3006 332 3086 plus
354 3005 443 3067 solita
466 3005 669 3066 concussione
693 3006 880 3070 ceciderunt.
912 3005 1024 3067 Eadem
1048 3022 1175 3086 quoque
1200 3005 1252 3067 die

194 3107 232 3169 ad
254 3105 360 3168 horam
386 3105 449 3167 diei
476 3111 593 3180 sextam
620 3106 668 3168 sol
694 3106 726 3168 in
754 3113 851 3168 totum
880 3106 1076 3182 obscuratus,
1105 3113 1251 3186 tetraque

161 3219 166 3226 ’
194 3225 257 3270 nox
280 3206 383 3270 subito
405 3205 537 3268 obducta
559 3207 649 3268 terris
672 3215 729 3284 est,
753 3214 784 3268 et
806 3207 885 3269 sicut
908 3207 1021 3268 dictum
1045 3213 1108 3268 est:

271 3355 451 3443 ineptaque
472 3361 650 3424 aeternum
671 3357 862 3423 timuerunt
880 3359 999 3424 secula
1020 3350 1164 3424 noctem.

194 3512 298 3591 Usque
312 3509 390 3571 adeo
408 3504 509 3574 autem
532 3530 635 3592 neque
657 3510 760 3574 lunam
783 3511 891 3572 lumini
913 3511 998 3588 solis,
1021 3528 1126 3589 neque
1149 3511 1257 3573 nubes

194 3611 348 3674 obstitisse
371 3610 564 3674 manifestum
588 3617 651 3688 est,
678 3617 713 3671 ut
734 3611 882 3672 decimam
905 3617 1042 3691 quartam
1065 3611 1175 3672 eadem
1200 3611 1257 3672 die

88 3711 97 3720 ”
193 3711 308 3786 lunam,
328 3715 391 3769 tota
406 3709 485 3772 coeli
500 3713 628 3792 regione
644 3712 816 3791 interjecta,
838 3710 1016 3790 longissime
1038 3729 1056 3772 a
1078 3717 1258 3789 conspectu

194 3811 267 3871 solis
288 3802 441 3885 abluisse,
464 3816 496 3870 et
517 3809 621 3870 stellas
643 3816 717 3870 tunc
745 3810 862 3871 diurnis
889 3809 987 3887 horis,
1015 3809 1067 3870 vel
1089 3811 1195 3888 potius
1219 3810 1258 3872 in

194 3907 246 3968 illa
274 3907 425 3968 horrenda
451 3914 544 3968 nocte
575 3913 639 3968 toto
672 3907 760 3968 coelo
793 3905 916 3971 fulsisse
948 3907 1111 3971 reseratur.
1158 3910 1261 3982 Quod

195 4020 257 4064 non
279 4005 377 4065 solum
399 4012 574 4068 sanctorum
596 4004 836 4087 Euangeliorum
862 4007 953 4086 tides,
980 4008 1036 4072 sed
1063 4008 1158 4070 etiam
1188 4009 1260 4071 ali-
