2634 4434
526 314 599 385 215

458 418 665 426 ...n——

35 554 170 632 prodita,
197 554 229 615 in
251 551 371 614 Etruria
394 571 470 615 vero
493 554 578 615 civili
601 554 684 615 bello
706 551 857 632 exstincta
879 558 935 613 est.
978 552 1091 615 Romae

35 655 152 717 conscii
175 652 394 735 conjurationis
410 654 504 715 occisi
520 662 599 716 sunt.
637 653 698 719 Sed
713 653 793 714 banc
807 652 964 714 historiam
980 660 1092 733 agente
1133 647 1135 650 ’

35 754 187 816 Cicerone
223 762 253 815 et
289 754 484 816 describente
519 754 664 817 Sallustio
701 754 776 815 satis
814 753 957 815 omnibus
990 760 1093 813 notam

34 874 119 915 nunc
146 874 163 917 a
192 856 279 918 nohis
307 856 443 917 breviter
470 855 565 919 tuisse
593 856 783 937 perstrictam
812 862 860 916 sat
886 861 942 917 est.
992 851 1094 915 Motus

35 957 127 1017 etiam
151 958 182 1017 in
206 956 338 1037 Peliguis
362 964 445 1018 ortus
474 976 491 1019 a
519 957 671 1019 Marcellis
699 962 785 1037 patre
813 962 846 1016 et
872 954 951 1031 tilio,
980 972 1036 1033 per
1061 951 1095 1015 L.
1176 990 1178 994 .
1246 981 1248 984 ·

34 1056 171 1119 Vettium
199 1058 352 1137 proditus,
386 1056 536 1136 patefacta
566 1057 716 1118 Catilinae
745 1056 976 1137 conjuratione,
1006 1054 1095 1133 quasi

34 1159 156 1219 succisa
178 1158 293 1237 radice,
316 1174 510 1238 compressus
532 1164 593 1218 est:
618 1163 650 1218 et
672 1158 711 1219 de
729 1163 862 1235 utroque
877 1173 933 1234 per
951 1154 1093 1216 Bibulum

34 1258 65 1317 in
88 1258 236 1340 PeligniS,
259 1278 315 1339 per
338 1260 518 1321 Ciceronem
542 1258 573 1319 in
595 1256 709 1319 Brutiis
731 1258 918 1319 vindicatum
941 1263 997 1318 est

385 1514 583 1651 Caput
637 1511 741 1621 lll.

33 1716 173 1783 Caeam·
195 1734 284 1799 quos
309 1717 508 1798 procinctos
535 1720 696 1821 sortitus,
724 1716 892 1799 quomodo
918 1712 1096 1779 Heluetios
1177 1694 1198 1741 7

375 1823 410 1883 et
431 1817 557 1904 Belpoa
582 1820 761 1887 domuerit.

16 1996 21 1999 ·
121 1973 214 2033 Anno
237 1970 274 2033 ab
297 1971 377 2034 Urbe
400 1975 522 2037 condita
545 1975 700 2039 DCXClll.
721 1976 752 2037 C.
777 1974 907 2036 Caesare
930 1978 962 2033 et
983 1970 1015 2033 L.
1036 1968 1092 2031 ln-

36 2073 109 2135 bulo
134 2072 329 2150 oonsulibus,
356 2075 426 2157 lege
451 2076 571 2139 Vatinia
594 2078 717 2139 Caesari
738 2084 801 2138 tres
824 2073 1000 2155 provinciae
1024 2072 1094 2132 cum

36 2173 213 2265 legionibus
241 2181 357 2253 septem
392 2178 423 2238 in
458 2179 704 2258 quinquennium
738 2179 842 2253 datae,
875 2174 973 2235 Gallia
1006 2168 1094 2251 [386]

36 2273 234 2353 Transalpina
266 2282 299 2335 et
329 2275 479 2357 Cisalpina
513 2286 545 2339 et
576 2277 726 2358 lllyrieus.
778 2274 905 2337 Galliam
940 2272 1094 2332 Comatam

22 2362 144 2452 ¹postea
179 2382 303 2435 senatus
337 2377 457 2457 adjecit.
502 2376 588 2437 Hanc
614 2376 770 2437 historiam
800 2375 966 2437 Suetonius
992 2372 1093 2432 Tran-

39 2475 154 2553 quillus
169 2474 347 2554 plenissime
364 2476 522 2553 explicuit,
546 2478 633 2555 cujus
649 2492 706 2535 nos
721 2480 931 2553 competentes
949 2472 1094 2549 portiun-

40 2576 121 2637 culas
147 2574 365 2651 decerpsimus.
404 2574 613 2637 Helvetiorum
637 2573 765 2650 animos,
789 2571 974 2633 fortissimae
986 2570 1094 2631 Gallo-

40 2694 103 2737 rum
130 2674 268 2735 omnium
291 2674 404 2753 gentis,
432 2693 468 2736 ea
491 2674 540 2735 vel
564 2677 695 2737 maxime
717 2691 819 2752 causa,
842 2672 924 2753 quod
947 2679 1096 2752 perpetuo

41 2794 137 2854 paene
162 2791 231 2835 cum
256 2771 415 2837 Germanis
437 2776 519 2837 bello
540 2776 782 2853 altercabantur,
810 2794 827 2836 a
854 2774 967 2853 quibus
988 2773 1096 2835 Rheno

42 2882 157 2949 tantum
191 2874 317 2937 flumine
351 2876 549 2953 dirimuntur,
583 2877 750 2959 Orgetorix
781 2876 921 2966 quidam,
954 2876 1097 2955 princeps

43 2979 159 3059 gentis,
194 2994 247 3056 spe
280 2984 359 3039 totas
394 2977 558 3047 inuadendi
588 2978 701 3039 Gallias
733 2980 767 3041 in
795 2996 878 3041 arma
904 2978 1096 3041 accenderat.

45 3078 111 3148 Quo
136 3079 249 3139 caeteri
272 3080 431 3157 optimates
454 3085 595 3157 correpto
618 3085 650 3140 et
667 3080 706 3139 ad
721 3088 849 3141 mortem
864 3086 981 3157 coacto,
1004 3079 1096 3140 cohi-

45 3174 118 3241 bere
141 3186 243 3240 tamen
266 3178 362 3241 semel
384 3180 531 3239 animatas
553 3180 584 3238 in
601 3176 743 3257 praedam
758 3178 865 3258 plebes
880 3180 1096 3259 nequiverunt.

48 3279 120 3356 Qui,
150 3280 360 3361 conjuratione
388 3278 465 3340 lacta
488 3278 596 3339 aemio
619 3278 716 3356 diota,
738 3280 856 3340 exustis
878 3280 955 3340 vicis
977 3298 1013 3341 ac
1035 3280 1097 3343 do-

48 3379 145 3441 mibus
173 3381 252 3456 suis,
282 3397 321 3439 ne
349 3379 431 3458 quod
459 3379 644 3440 desiderium
668 3396 708 3439 ex
730 3396 784 3459 spe
806 3380 983 3442 revertendi
1006 3380 1096 3462 soret,

49 3478 174 3554 protecti
196 3486 276 3541 sunt.
323 3481 407 3553 Quos
434 3497 503 3540 cum
533 3478 613 3558 apud
640 3477 819 3542 Rhodanum
848 3480 971 3545 tlumen'
989 3485 1098 3546 obvios

52 3576 158 3643 Caesar
179 3579 352 3658 habuisset,
381 3596 491 3661 magno
519 3578 700 3661 difficilique
727 3580 809 3645 bello
836 3581 882 3645 bis
903 3586 988 3661 vicit,
1011 3580 1097 3664 [387]

51 3677 207 3761 uictosque
229 3681 267 3743 ad
290 3681 476 3742 deditionem
500 3680 611 3761 coegit.
648 3680 763 3744 Horum
786 3682 854 3759 fuit,
877 3702 945 3745 cum
970 3683 1098 3761 primurn

52 3793 208 3860 progressa
235 3790 297 3860 est,
326 3783 424 3843 omnis
453 3782 615 3843 multitudo
638 3762 865 3857 Helvetiorum,
887 3781 1099 3860 Tulingorum,

52 3873 313 3965 Latobrogiorum,
340 3883 546 3945 Rauracorum
577 3890 608 3944 ct
634 3883 794 3956 Boiorum,
823 3882 984 3958 utriusque
1013 3875 1100 3965 [388]

54 3993 141 4045 sexus
168 3967 206 4046 ad
236 3991 359 4048 centum
382 3984 604 4063 quinquaginta
628 3988 659 4043 et
680 3988 797 4059 septem
821 3977 914 4041 millia
935 3978 1100 4043 hominum.
