2634 4434
606 273 816 406 442„-

185 541 248 599 est:
272 533 326 612 ibi,
349 533 465 614 absque
486 532 646 615 religionis
668 531 854 608 reverentia,
876 529 1051 592 aviditatem
1074 529 1239 610 voluptatis

187 632 256 711 [ot]
279 634 403 697 licentia
425 633 538 697 luroris
566 633 709 714 inplevit:
739 631 790 692 hio
817 637 848 691 et
876 629 1038 692 Christiani
1066 629 1154 691 luere
1184 633 1239 710 qui

185 741 364 816 parcerent,
397 740 428 796 et
456 733 619 795 Christiani
652 731 765 811 quibus
797 736 973 810 parcerent,
1005 736 1037 791 et
1063 729 1238 806 Christiani,

94 847 105 860 ·
185 842 310 916 propter
331 851 461 914 quorum
485 833 672 908 memoriam,
695 831 780 892 etin
803 847 932 909 quorum
956 831 1101 892 memoria
1123 847 1237 909 parce-

184 943 278 997 retur.
316 933 508 1012 Quapropter
522 931 664 993 desinant
677 931 859 1012 religionem
875 929 1022 1007 lacerare,
1037 937 1070 991 et
1083 929 1239 992 lacessere

185 1034 362 1115 patientiam
390 1033 464 1094 Dei:
495 1038 618 1113 propter
646 1049 737 1111 quam
759 1028 889 1106 habent,
912 1029 957 1091 uti
979 1035 1011 1090 et
1032 1026 1091 1090 hoo
1112 1045 1239 1109 quoque

186 1119 359 1213 inpunitum
381 1131 530 1209 habeant,
557 1132 584 1193 si
607 1130 771 1212 aliquando
794 1129 950 1191 desistant,
993 1128 1142 1191 Reoolant
1162 1145 1238 1190 sane

186 1250 306 1295 mecum
343 1233 490 1314 majorum
527 1248 653 1294 suorum
689 1237 842 1309 tempora,
878 1229 968 1290 bellis
1002 1229 1238 1309 inquietissima,

185 1331 356 1395 sceleribus
378 1329 590 1407 exsecrabilia,
614 1329 857 1393 dissensionibus
879 1328 979 1406 foeda,
1002 1329 1133 1392 miseriis
1155 1345 1237 1390 oon-

185 1433 398 1509 tinuatissima‚
421 1448 501 1511 quae
523 1437 555 1492 et
577 1433 686 1495 merito
704 1436 832 1512 possunt
846 1428 983 1506 horrere,
1006 1431 1078 1508 quia
1100 1427 1238 1504 suerunt,

186 1538 218 1594 et
245 1533 420 1595 necessario
449 1530 564 1594 debent
589 1549 699 1613 rogare
732 1547 772 1591 ne
804 1529 881 1591 sint:
917 1547 986 1591 eum
1019 1545 1094 1591 sane
1126 1545 1238 1610 rogare

185 1632 283 1694 solum
310 1632 426 1710 Deum,
456 1634 510 1712 qui
532 1639 563 1694 et
585 1637 660 1694 tunc
682 1630 801 1693 occulta
818 1628 938 1709 justitia
959 1629 1098 1708 permisit
1118 1635 1153 1690 ut
1174 1626 1237 1690 fie-

184 1740 270 1809 rent3
295 1741 327 1796 et
348 1750 431 1795 nune
452 1739 556 1814 aperta
585 1731 794 1794 misericordia
822 1734 971 1807 praestat,
998 1735 1033 1788 ut
1064 1745 1126 1789 non
1158 1729 1237 1790 sint:

185 1850 265 1912 quae
288 1834 377 1896 modo
400 1852 418 1894 a
440 1851 489 1894 me
510 1832 642 1911 pleniuS,
666 1831 704 1891 ab
726 1831 792 1906 ipso
815 1827 904 1890 Urbis
926 1826 1064 1905 exordio,
1086 1825 1242 1890 revolutis

184 1933 399 2014 perordinem
421 1932 572 2008 historiis,
595 1928 797 2010 proferentur.
842 1991 846 1994 .

551 2181 748 2319 Caput
798 2178 872 2289 ll.
1169 2211 1238 2297 [on

247 2380 305 2450 De
324 2380 437 2451 Romo
457 2385 593 2452 condito
614 2391 650 2452 ct
671 2391 838 2470 tempore,
861 2403 928 2470 quo
949 2380 1082 2466 Rapum
1102 2381 1171 2446 im-

583 2489 682 2570 perio
708 2489 837 2573 paruit.

270 2636 361 2699 Anno
394 2647 463 2718 post
496 2641 690 2702 eversionem
718 2641 840 2724 Trojae
856 2638 1029 2701 ccccxlv.
1057 2637 1238 2718 Olympiade

185 2745 288 2802 autem
310 2735 364 2800 *Vl
394 2756 474 2818 quae
503 2739 610 2818 quinto
639 2738 762 2801 demum
789 2757 887 2817 auno,
916 2745 1048 2819 quatuor
1074 2738 1105 2799 in
1133 2737 1237 2799 medio

186 2839 333 2920 expletis,
358 2837 437 2918 apud
460 2837 593 2914 Elidem,
618 2836 764 2900 Graeciae
787 2841 958 2916 civitatem,
980 2854 1081 2919 agone
1103 2843 1135 2898 et
1155 2835 1238 2897 ludis

187 2939 328 3000 exerceri
361 2937 455 3014 solet,
489 2937 561 2999 urbs
593 2937 689 2999 Roma
715 2939 748 3001 in
774 2938 861 3001 ltalia
886 2957 904 3000 a
925 2937 1054 3000 Romulo
1077 2943 1109 2999 et
1129 2936 1237 3013 Remo,

186 3037 318 3118 geminis
346 3035 539 3114 auctoribus,
568 3037 691 3100 condita
719 3045 773 3101 est.
817 3038 911 3119 Cujus
937 3055 1067 3120 regnum
1090 3036 1238 3098 continuo

185 3135 333 3201 Romulus
365 3137 527 3217 parricidio
560 3137 675 3200 inbuit:
708 3138 837 3218 parique
868 3155 1016 3201 successu
1049 3136 1239 3199 crudelitatis

187 3239 255 3301 sine
277 3255 363 3300 more
384 3245 484 3318 raptas
507 3236 651 3317 Sabinas,
682 3240 828 3320 improbis
850 3239 964 3318 nuptiis
993 3236 1237 3312 confoederatos,

187 3339 364 3399 maritorum
394 3345 425 3400 et
451 3346 611 3418 parentum
639 3357 749 3402 cruore
778 3340 901 3402 dotavit.
944 3337 1052 3416 ltaque
1079 3335 1238 3412 Romulus,

187 3435 351 3499 interiecto
372 3438 501 3516 primum
523 3457 581 3502 avo
603 3438 778 3520 Numitore,
801 3438 912 3501 dehinc
933 3437 1028 3500 Remo
1050 3435 1160 3514 fratre,
1182 3453 1237 3496 ar-

187 3538 282 3619 ripuit
303 3527 479 3619 imperium,
503 3538 679 3617 Urbemque
701 3541 871 3603 constituit:
892 3556 1024 3620 regnum
1045 3538 1111 3614 avi,
1135 3551 1239 3598 muros

188 3636 307 3725 fratris,
334 3638 480 3718 templum
507 3641 608 3700 soceri
635 3639 786 3720 sanguine
815 3637 984 3700 dedicavit:
1018 3637 1240 3718 sceleratorum

190 3734 258 3814 [93]
292 3756 430 3814 manum,
462 3738 610 3817 promissa
641 3738 829 3817 inpunitate,
866 3738 999 3820 collegit.
1043 3739 1162 3799 Primus
1194 3735 1240 3798 illi

189 3854 313 3918 campus
334 3838 371 3900 ad
393 3835 525 3912 bellum,
548 3835 647 3898 lorum
670 3836 759 3899 Urbis
781 3836 854 3916 luit,
883 3839 976 3901 mixta
997 3837 1089 3901 simul
1111 3843 1241 3900 externa

189 3937 354 4016 civiliaque
376 3937 456 4000 bella
478 3953 635 4017 nunquam
657 3936 799 4001 defutura
821 3938 1006 4020 significans.
1044 3937 1240 4014 Sabinorum,
