2634 4434
552 308 625 381 223

49 544 178 623 quique
200 541 369 604 secundum
397 542 542 621 placitum
570 560 660 605 suurn
688 542 863 604 reconditas
890 543 923 604 in
950 540 1121 609 Arduenna

46 642 138 703 silva
154 643 282 722 praedas
300 650 450 722 quaerant
465 642 681 723 diripiantque.
712 642 780 715 Ouo
796 640 878 704 lacte
892 640 987 704 Gallis
1001 646 1116 706 utrim-

47 759 121 820 que
144 742 355 819 morientibus,
379 743 524 804 maximas
539 740 744 805 Romanorum
768 742 895 822 injurias
916 743 985 805 sine
1006 745 1116 825 cujus-

47 858 151 919 quam
167 841 294 905 Romani
310 843 485 905 discrimine
507 844 684 906 vindicavit.
721 843 764 905 lta
786 843 846 905 hoc
867 842 1019 906 tutissimo
1040 843 1116 905 vin-

46 940 151 1003 cendi
172 960 290 1024 genere
312 961 440 1006 securus
464 945 496 1005 in
518 943 632 1007 ltaliam
656 943 756 1058 κάη.

429 1197 617 1335 boput
659 1108 747 1304 111.
1024 1229 1114 1307 [ton

44 1396 196 1467 Cacsar
217 1401 297 1466 111111
318 1420 440 1469 nevum
462 1401 639 1471 Gallorum
662 1406 698 1471 iu
719 1421 821 1470 aratu
842 1402 1015 1467 edemus
1035 1418 1116 1467 ecee

209 1504 498 1586 conspirationem
523 1507 632 1571 multu
652 1506 750 1572 clude
771 1500 969 1587 comprimit.

144 1651 243 1733 igilur
272 1654 401 1718 Caesare
428 1659 460 1719 in
487 1658 603 1721 ltaliam
636 1674 780 1734 reverso,
814 1655 909 1717 Gallia
941 1674 1049 1717 rursus
1082 1656 1113 1716 in

48 1772 140 1815 arma
175 1756 330 1836 conjurat,
365 1758 514 1839 multique
547 1760 638 1822 simul
671 1758 774 1840 populi
804 1762 925 1818 coeunt.
968 1754 1039 1816 Itux
1067 1752 1114 1816 his

49 1853 296 1935 Vercingetorix
318 1855 392 1935 luit,
416 1858 503 1938 euju's
526 1860 654 1922 consilio
677 1860 777 1922 statim
801 1874 908 1919 ornnes
930 1854 1007 1917 Galli
1030 1856 1112 1917 civi-

52 1960 138 2014 tates
161 1971 231 2015 suas
255 1955 335 2017 ultre
355 1959 576 2035 incenderunt3
600 1961 697 2040 prima
712 1978 728 2022 1
744 1960 808 2021 suis
823 1959 949 2019 incensa
963 1957 1112 2038 Biturigo.

50 2051 132 2113 inde
155 2054 193 2115 ad
213 2055 386 2137 Caesarem,
410 2060 463 2139 qui
486 2060 604 2142 magnis
626 2060 790 2122 itineribus
812 2077 867 2140 per
881 2057 1112 2122 Narbonensem

51 2154 245 2231 provinciam
262 2156 338 2218 clam
354 2158 392 2220 ad
415 2162 584 2222 exercitum
606 2169 792 2237 recurrerat,
815 2162 962 2239 impetum
985 2157 1109 2218 iaciunt.

51 2253 172 2315 Caesar
198 2264 272 2318 tunc
299 2259 443 2338 oppidum
470 2261 594 2321 nomine
618 2260 772 2339 Cenapum
796 2259 956 2320 obsidione
979 2254 1112 2317 conclu-

50 2362 154 2416 serat:
179 2358 260 2436 qued
283 2358 336 2419 diu
359 2368 578 2441 oppugnatum,
600 2360 722 2420 tandem
745 2365 813 2438 post
829 2357 938 2419 multas
953 2356 1111 2417 Romano-

50 2472 123 2517 rum
148 2456 249 2518 cledes
272 2458 377 2536 pluvio
399 2459 467 2535 die,
490 2477 559 2519 cum
582 2457 739 2518 hastilium
762 2441 969 2516 machinatura
992 2461 1113 2516 amenta

52 2557 211 2634 nervique
234 2556 434 2637 languerent,
461 2557 612 2635 adplicitis
635 2555 771 2616 turribus
794 2560 913 2633 captum
936 2561 1030 2633 atque
1052 2552 1112 2613 de-

51 2656 154 2719 letum
189 2662 244 2716 est.
290 2655 495 2738 Quadraginta
525 2656 568 2718 ibi
596 2654 689 2717 millia
716 2656 873 2717 hominum
900 2654 996 2717 fuisse
1023 2652 1112 2715 reie-

53 2763 186 2832 runtur,
210 2772 228 2816 e
251 2755 363 2835 quibus
385 2760 438 2818 vix
453 2758 608 2839 octoginta
624 2756 796 2838 perfugam
813 2756 909 2835 elapsi
924 2756 961 2817 ad
975 2754 1114 2834 proxima

55 2856 214 2919 Gallorum
248 2864 346 2919 castra
377 2864 539 2922 venerunt.
592 2856 755 2920 Praeterea
787 2856 920 2918 Arverni
953 2854 1115 2933 ceterique

57 2954 212 3033 confines,
234 2957 404 3019 sollicitatis
433 2960 523 3019 etiam
551 2957 588 3019 ad
615 2974 650 3021 se
678 2958 812 3039 Aeduis,
841 2957 943 3020 multis
964 2955 1113 3018 adversus

58 3056 220 3118 Caesarem
236 3057 359 3136 praeliis
374 3057 575 3121 bellaverunt.
617 3060 678 3131 Qui
700 3077 769 3121 cum
792 3075 826 3121 se
848 3056 1012 3140 pugnando
1034 3054 1111 3118 sati·

59 3158 123 3237 gati
145 3156 178 3216 in
200 3156 351 3235 quoddam
374 3157 532 3219 castellum
558 3160 760 3238 recepissent,
783 3158 896 3219 milites
911 3156 1042 3236 praedae
1057 3157 1111 3216 in-

59 3255 179 3317 hiantes
207 3256 245 3317 ad
274 3258 531 3338 expugnationem
559 3259 661 3338 oppidi
683 3259 817 3320 animum
840 3256 1018 3332 intendunt,
1041 3252 1113 3316 iru-

60 3363 122 3417 1111
146 3356 275 3418 Caesare
298 3356 336 3419 de
359 3356 419 3419 loci
441 3359 603 3438 iniquitate
626 3364 782 3420 causante.
827 3357 934 3437 ltaque
956 3356 999 3417 ibi
1025 3353 1112 3439 [402]

63 3456 188 3533 Caesar,
204 3457 436 3537 erumpentibus
451 3458 584 3538 desuper
597 3458 736 3521 hostibus
752 3476 889 3539 pressus,
906 3457 1000 3521 multa
1016 3476 1112 3520 exer-

64 3559 140 3618 citus
162 3558 210 3618 sui
232 3564 317 3637 porte
339 3558 467 3638 perdita,
489 3561 589 3623 vietus
612 3559 739 3643 aufugit.
772 3560 850 3622 Dum
874 3559 950 3623 haec
972 3559 1010 3620 ad
1032 3557 1112 3619 Ale-

64 3658 136 3718 siam
164 3664 328 3737 geruntur,
356 3658 606 3742 Vercingetorix,
629 3680 720 3743 quem
743 3678 850 3723 omnes
872 3675 1026 3722 consensu
1047 3660 1113 3736 pari

64 3775 166 3838 regem
190 3765 453 3839 praeoptaverant,
475 3763 593 3841 suadet,
616 3763 661 3824 uti
684 3781 724 3824 ex
746 3769 808 3823 tota
824 3759 920 3820 Gallia
936 3774 1043 3818 omnes
1059 3759 1112 3836 qui

65 3875 144 3919 arma
171 3856 253 3919 ierre
280 3868 419 3939 possent,
453 3861 526 3923 huic
554 3862 636 3924 bello
667 3867 787 3940 praesto
815 3859 884 3919 sint.
927 3856 992 3916 Hoc
1026 3851 1112 3939 [403]

66 3962 143 4020 enim
168 3976 236 4023 csse
259 3977 355 4022 unum
384 3960 514 4037 bellum,
545 3978 606 4039 qno
634 3968 688 4023 1111
715 3965 862 4039 perpetua
890 3954 1031 4035 libertas,
1060 3965 1112 4021 aut
