2634 4434
651 309 744 378 lo

194 547 304 629 coepit
347 546 385 608 Ut
412 552 514 608 autem
543 545 645 608 omnia
676 545 754 608 hacc
786 541 995 606 ineffabilibus
1027 544 1183 624 mysteriis
1217 552 1249 607 et
1309 614 1310 619 ἵ

193 645 439 730 profundissimis
460 645 518 707 Dci
539 644 668 726 judiciis
694 645 855 727 disposita,
888 657 950 704 non
976 649 1079 706 autern
1106 644 1248 708 humanis
1309 662 1310 681 ι

193 747 312 811 viribus
338 753 392 809 aut
420 745 545 807 incertis
572 745 695 808 casibus
723 745 874 808 accidisse
905 742 1105 822 perdoceam,
1138 759 1249 806 omnes

192 845 481 925 historiae'antiqua
500 862 518 907 a
533 843 613 907 Nino
628 845 789 925 incipiunt,
811 859 919 906 omnes
933 843 1079 906 historiae
1093 843 1249 906 Romanae

193 947 328 1010 al'roca
349 946 541 1008 exoriuntur.
584 945 705 1007 Deinde
732 961 750 1006 a
777 942 876 1025 primo
908 960 990 1006 anno
1022 942 1144 1024 imperil
1175 942 1249 1004 Nini

193 1063 295 1126 usque
322 1061 384 1126 quo
410 1043 546 1125 Babylon
573 1063 590 1108 a
617 1043 818 1108 Semiramide
851 1045 1014 1108 instaurari
1047 1051 1156 1123 coepta
1189 1050 1249 1120 est,

194 1145 408 1208 interveniunt
434 1145 507 1206 anni
527 1147 689 1226 sexaginta
711 1153 743 1208 et
764 1151 904 1226 quatuor.
947 1141 986 1206 Et
1006 1163 1025 1206 a
1046 1144 1145 1223 primo
1164 1159 1250 1204 anno

193 1245 323 1322 Procae,
349 1261 421 1307 curn
442 1259 575 1326 regnare
596 1246 714 1327 coepit,
734 1263 835 1326 usque
857 1245 896 1308 ad
917 1245 1124 1308 conditionem
1147 1241 1249 1320 Urbis,
1310 1310 1311 1321 y

196 1340 269 1427 [88]·
285 1343 396 1408 factam
418 1363 436 1407 a
456 1344 601 1424 Romulo,
631 1348 785 1410 intersunt
812 1347 885 1409 anui
911 1358 1013 1426 acque
1027 1344 1196 1425 'sexaginta
1219 1348 1251 1403 et
1310 1326 1311 1373 ³

197 1451 338 1526 quatuor.
375 1443 419 1507 lta
440 1451 591 1528 regnante
612 1440 706 1509 Proca
728 1445 852 1508 futurae
865 1445 980 1508 Romae
1000 1445 1149 1507 sementis
1166 1445 1251 1524 jacta

196 1551 259 1622 est,
292 1544 351 1607 etsi
377 1546 512 1609 nondum
539 1564 668 1630 *germen
696 1547 864 1628 adpareret.
907 1545 1024 1607 Eodem
1049 1559 1132 1606 anno
1158 1542 1251 1624 regni

195 1644 293 1724 ipsius
313 1645 438 1723 Procae,
460 1645 625 1728 Babylonis
646 1661 777 1729 regnum
800 1645 925 1724 deiecit,
947 1646 1006 1708 etsi
1027 1643 1127 1706 adhuc
1141 1641 1249 1722 Baby·

195 1742 249 1805 lon
270 1745 336 1825 ipsa
364 1747 511 1808 consistit.
555 1746 772 1809 Descendente
798 1752 901 1825 autem
928 1744 1045 1806 hrbato
1072 1745 1105 1804 in
1131 1741 1250 1820 hledos,
1310 1746 1311 1757 ¹

194 1850 312 1922 partem
334 1846 423 1927 regni
444 1859 541 1925 penes
562 1863 597 1908 se
618 1846 778 1908 retinuere
800 1844 955 1922 chaldaei,
979 1844 1033 1923 qui
1050 1842 1251 1924 Babyloniam

195 1943 255 2006 sibi
277 1943 425 2008 adversus
440 1941 546 2008 hledos
568 1945 811 2007 vindicaverunt.
848 1943 892 2006 lta
907 1942 1095 2032 Babyloniae
1115 1949 1252 2023 potestas
1310 1928 1311 1935 ἵ

197 2043 278 2122 apud
309 2042 431 2122 Medos,
468 2046 638 2126 proprietas
671 2045 751 2124 apud
784 2042 952 2108 Chaldaeos
984 2042 1060 2104 fuit:
1105 2042 1251 2106 Chaldaei

197 2148 310 2222 autem,
333 2151 458 2225 propter
478 2144 634 2223 antiquam
656 2144 762 2225 regiae
777 2143 862 2206 urbis
877 2143 1068 2226 dignitatem,
1090 2159 1152 2204 non
1167 2141 1251 2203 illam

197 2257 301 2325 suam,
322 2244 377 2306 scd
405 2260 441 2306 sc
468 2243 551 2306 illius
576 2259 690 2306 vocare
717 2243 906 2306 maluerunt:
941 2243 1024 2306 unde
1050 2241 1165 2304 factum
1193 2247 1251 2319 est,

197 2348 233 2402 ut
253 2341 549 2421 Nabuchodonosor,
572 2343 751 2424 caeterique
773 2350 933 2422 post‘eum
955 2360 1055 2423 usquc
1077 2342 1115 2404 ad
1138 2341 1253 2423 Cyrum

197 2455 300 2522 reges,
324 2442 463 2521 quamvis
479 2443 699 2505 Chaldaeorum
721 2443 839 2505 viribus
861 2450 1002 2524 potentes
1018 2449 1050 2504 et
1063 2440 1253 2521 Babyloniae
1311 2498 1312 2519 ,

198 2542 323 2604 nomine
345 2541 419 2606 clari
441 2542 594 2625 legantur,
617 2545 648 2606 in
671 2561 800 2606 numero
823 2551 925 2606 tamen
947 2551 979 2605 et
999 2542 1124 2604 cardine
1143 2558 1253 2621 regum
1311 2524 1312 2579 Ϊ

198 2657 262 2700 ηηη
293 2639 466 2702 habeantur
497 2643 680 2705 inlustrium.
722 2643 860 2725 Babylon
887 2644 992 2724 itaque
1018 2660 1058 2706 oc
1084 2658 1165 2704 anno
1194 2640 1253 2702 sub

198 2738 316 2802 Arbato
338 2739 493 2820 praelecto
516 2741 704 2804 dehonorata
725 2750 783 2822 est,
806 2762 868 2825 quo
882 2744 976 2808 Roma
996 2743 1053 2806 sub
1068 2743 1162 2802 Proca
1177 2757 1254 2821 rege

200 2837 246 2920 (ut
268 2841 390 2920 proprie
412 2839 554 2921 dixerim)
581 2843 730 2904 seminata
756 2852 811 2907 est.
855 2844 991 2925 Babylon
1019 2841 1186 2905 novissime
1214 2856 1254 2900 eo

201 2945 340 3019 tempore
360 2958 378 3002 a
401 2939 482 3020 Cyro
503 2958 579 3022 rege
601 2942 760 3022 subversa,
783 2962 844 3024 qao
866 2945 996 3024 primum
1017 2942 1113 3004 Roma
1134 2959 1152 3002 a
1173 2940 1253 3001 'lar-

201 3040 377 3119 quiniorum
399 3041 506 3122 regula
530 3041 737 3106 dominatione
759 3043 888 3106 liberata
909 3051 964 3106 ast.
1010 3042 1168 3121 Siquidem
1194 3039 1254 3102 sub

201 3151 264 3202 una
296 3139 466 3221 eademque
499 3144 716 3206 convenientia
748 3149 918 3224 temporum
951 3142 1003 3204 illa
1035 3141 1163 3218 cecidit,
1196 3141 1256 3201 ista

201 3240 352 3302 surrexit:
381 3238 434 3302 illa
461 3247 533 3302 tunc
561 3243 693 3322 primam
716 3244 961 3325 alienigenarum
983 3258 1129 3323 perpessa
1150 3240 1254 3302 domi·

204 3334 274 3413 [89]
298 3345 421 3416 natum,
447 3340 524 3404 haec
550 3349 614 3404 tum
640 3344 772 3424 primunr
798 3345 890 3406 etiam
918 3359 1045 3405 suorum
1073 3341 1256 3420 adspernata

202 3435 375 3501 fastidium:
404 3440 455 3504 illa
482 3449 555 3505 tunc
582 3445 671 3524 quasi
697 3443 848 3523 moriens,
875 3443 990 3506 dimisit
1016 3441 1254 3504 haereditatem:

203 3535 281 3600 haec
307 3556 382 3602 vero
414 3541 603 3622 pubescens,
635 3550 710 3605 tnnc
740 3561 776 3606 se
808 3546 935 3626 agnovit
966 3542 1147 3606 haeredem:
1180 3547 1258 3602 tnnc

204 3636 340 3702 Orientis
372 3643 499 3720 occidit,
532 3649 565 3704 ct
595 3648 697 3703 ortum
722 3649 772 3704 est
799 3642 975 3707 Occidentis
1002 3643 1177 3722 imperium.
1218 3639 1258 3702 Bt

204 3755 245 3800 ne
267 3739 382 3803 diutius
403 3741 508 3802 verbis
530 3741 649 3819 morer,
676 3743 832 3806 committo
852 3743 1070 3808 medentibus
1092 3741 1256 3804 insanien-

204 3838 291 3919 tium,
312 3840 369 3904 aed
390 3839 529 3902 veritatis
550 3841 703 3919 praesidio
724 3841 926 3908 liherandum.
