2634 4434
563 285 611 354 97

484 388 690 398 ---.-....

66 538 239 602 moremque
254 520 386 584 hostium
409 519 570 602 perfractis
590 523 686 586 muris
706 522 861 586 exercitus
882 524 981 586 omnis
997 527 1113 590 irrum-

65 631 157 702 peret.
200 623 235 684 ln
258 640 296 684 eo
320 623 439 702 praelio
468 623 578 704 sagitta
605 623 664 684 sub
697 641 826 686 mamma
859 624 1021 703 trajectus,
1053 627 1114 690 fixo

62 742 144 804 genu
166 731 294 786 eatenus
309 725 474 806 pugnavit,
496 723 597 786 donec
616 743 699 802 eum,
722 743 738 786 a
755 724 1114 808 quovulneratns1192]

63 831 153 901 esset,
176 825 339 887 occideret.
376 824 451 886 lnde
473 827 650 888 conscensis
673 826 803 890 navibus
826 844 896 888 corn
919 825 1036 890 Oceani
1058 828 1115 889 lit-

62 929 123 985 tora
138 933 327 1007 peragraret,
339 925 378 988 ad
394 926 501 988 urbem
515 927 680 1006 quandam,
697 929 747 990 cui
760 926 953 992 Ambitarex
963 937 1115 1008 praeerat,

60 1027 208 1102 pervenit
242 1011 326 1089 xSed
352 1026 384 1088 in
412 1029 643 1108 expugnatione
669 1029 803 1091 civitatis
829 1047 969 1110 magnam
998 1037 1115 1110 partem
1167 1076 1172 1087 .

60 1127 232 1204 exercitus,
259 1127 379 1208 sagittis
405 1126 539 1190 bostium
565 1146 689 1192 veneno
712 1128 812 1207 illitis,
835 1130 949 1192 amisit:
977 1149 1015 1192 aa
1036 1137 1115 1210 post,

59 1223 155 1288 herba
181 1247 236 1308 per
265 1228 418 1290 somnium
448 1228 508 1290 sibi
542 1237 665 1292 ostensa
698 1231 730 1294 in
762 1237 866 1312 potum
900 1231 1013 1294 sauciis
1045 1231 1115 1293 data

58 1343 128 1388 cum
152 1329 282 1409 reliquis
303 1329 532 1411 subueniretur,
554 1331 663 1418 urbam
686 1332 875 1415 expugnavit
895 1339 928 1396 et
950 1332 1040 1412 cepit.

393 1615 594 1752 topui
647 1613 785 1724 XX.

78 1847 213 1916 Omnm
236 1851 436 1934 provinciae
459 1854 508 1920 ad
528 1849 772 1920 Alexandrum
798 1852 939 1919 territae
966 1853 1095 1936 legator

118 1969 243 2036 paoem
272 1957 431 2037 patenter
462 1955 642 2021 nriamunt.
684 1951 887 2021 Alexander
918 1973 1057 2052 moeno

254 2056 398 2121 catam.
439 2055 660 2141 Aporlraplre
686 2058 734 2122 od
758 2059 915 2124 laetarer.

145 2240 217 2304 Post
236 2244 327 2323 quasi
349 2246 533 2308 circumacta
554 2253 646 2327 mein,
670 2246 708 2310 de
724 2245 849 2309 Oceano
871 2244 978 2308 Indum
1001 2244 1117 2308 flumen

57 2342 239 2424 ingressus,
261 2343 459 2426 Babyloniam
488 2347 633 2410 celeriter
658 2348 768 2410 rediit:
798 2346 852 2408 uni
881 2365 952 2408 earn
979 2347 1115 2408 exterri-

57 2449 161 2504 tarum
189 2445 283 2506 lotius
309 2447 393 2508 orbis
420 2448 646 2526 provinciarum
675 2448 769 2528 legati
796 2446 1031 2525 opperibantur,
1058 2446 1118 2506 hoc

54 2550 105 2606 est
130 2544 431 2626 Carthaginiensium
461 2542 618 2628 totiusque
646 2546 770 2609 Africae
799 2547 973 2619 civitatum:
1003 2546 1057 2607 sed
1087 2552 1118 2607 et

55 2643 275 2726 Hispanorum,
288 2646 454 2726 Gallorum,
466 2648 601 2725 Siciliae,
614 2647 852 2730 Sardiniaeque:
869 2647 1017 2728 plurimae
1030 2643 1117 2730 [193]
1148 2699 1155 2712 .

54 2753 222 2824 praeterea
248 2749 342 2828 partis
369 2746 484 2812 ltaliae.
527 2750 641 2811 Tantus
669 2751 760 2812 lirnor
788 2752 819 2812 in
847 2766 966 2812 summo
989 2747 1117 2810 Oriente

55 2849 222 2910 constituti
244 2849 332 2911 ducis
353 2850 481 2931 populos
503 2850 602 2912 ultimi
617 2850 795 2914 Occidentis
810 2851 974 2926 invaserat,
997 2849 1118 2910 atinde

54 2950 257 3030 peregrinam
273 2957 337 3012 toto
359 2951 473 3012 mundo
496 2969 642 3015 cerneres
664 2953 861 3034 legationem,
884 2969 946 3031 quo
968 2950 1021 3012 vix
1042 2969 1117 3011 ere-

55 3048 153 3111 deres
181 3052 361 3130 pervenisse
390 3069 553 3116 rumorem.
596 3052 774 3115 Alexander
800 3070 875 3116 vero
905 3051 984 3132 apud
1011 3050 1117 3130 Baby-

54 3148 188 3228 loniam,
211 3169 280 3212 eum
303 3152 403 3214 adhue
424 3153 607 3234 sanguinem
629 3154 749 3230 sitienS,
772 3153 850 3214 male
873 3153 1019 3232 castigata
1046 3150 1117 3212 avi-

54 3250 169 3329 ditate,
194 3254 324 3317 ministri
347 3254 466 3317 insidiis
488 3271 642 3317 venenum
666 3259 811 3334 potasset,
834 3251 957 3314 interiit.
995 3251 1020 3313 O
1043 3252 1119 3314 dura

53 3369 151 3414 mens
180 3352 338 3416 hominum
361 3362 393 3417 et
414 3373 468 3416 oor
488 3372 611 3435 seraper
632 3353 845 3416 inhumanum!
878 3352 944 3434 Ego
966 3353 1042 3434 ipse,
1066 3355 1119 3434 qui

52 3451 141 3516 lraee
162 3472 218 3534 pro
241 3455 410 3518 adserenda
433 3455 569 3517 omniurn
590 3463 762 3536 temporum
786 3455 933 3518 alternata
948 3455 1120 3516 calamitate

53 3572 251 3633 percenseo,
278 3557 311 3617 in
337 3557 438 3620 relatu
465 3558 540 3618 tanti
567 3557 654 3636 mali,
682 3576 743 3638 quo
770 3557 821 3620 uel
849 3551 946 3619 morte
976 3557 1040 3634 ipsa
1069 3553 1121 3615 vel

52 3655 229 3718 formidine
249 3660 354 3721 mortis
376 3665 501 3739 accepta
523 3651 604 3721 totus
627 3660 758 3721 mundus
778 3658 949 3734 intremuit,
972 3653 1119 3733 numquid

53 3757 256 3819 inlacrimavi
294 3758 412 3824 conlisi
449 3761 598 3840 namquid
636 3761 729 3822 corde
769 3755 934 3822 condolui?
971 3751 1120 3832 numquid

51 3857 233 3921 revolvens
255 3859 342 3938 lraec,
365 3867 489 3940 propter
510 3879 703 3922 communem
726 3858 854 3920 vivendi
874 3863 996 3931 statum,
1019 3856 1119 3934 majo-

51 3978 130 4022 rum
151 3961 289 4025 miserias
311 3979 396 4025 meas
417 3959 499 4026 ioci‘l
521 3980 591 4024 eum
612 3968 726 4038 tamen,
749 3959 775 4020 si
798 3956 920 4038 quando
936 3955 975 4018 de
991 3973 1039 4017 me
1055 3955 1121 4034 ipso
