2634 4434
552 363 620 431 101

65 597 199 658 exercitu
228 597 328 658 victus
356 598 388 658 in
410 595 522 658 Urbem
545 595 669 678 refugit
706 596 812 678 ltaque
835 615 904 660 curn
927 608 1051 665 senatus
1073 605 1112 668 de

63 695 271 758 submovendo
293 715 331 760 eo
359 697 560 775 deliberaret,
590 704 678 778 pater
704 699 788 779 ejus,
814 698 924 762 Fabius
952 699 1111 782 Maximus,

63 798 258 877 ignominiam
285 797 341 858 filii
371 797 552 879 deprecatus
579 798 715 880 legatum
742 816 777 860 se
805 799 868 862 filio
895 800 1009 862 iturum
1032 803 1113 866 ultre

63 897 187 976 obtulit,
216 899 244 959 si
270 897 315 961 illi
343 897 544 978 depellendae
571 899 759 980 ignominiae
786 907 818 962 et
843 901 974 982 gerendi
1002 903 1114 966 iterum

61 989 132 1059 belli
154 997 283 1060 facultas
306 999 438 1062 daretur.
475 1000 541 1074 Qua
565 1000 725 1080 impetrata
750 1001 929 1081 praelioque
957 1012 1115 1084 conserto,

61 1116 128 1159 cum
156 1098 260 1161 subito
288 1107 474 1181 pugnantem
503 1100 599 1161 lilium
628 1099 786 1161 consulem
818 1101 980 1164 insistente
1007 1103 1115 1167 Pontio

61 1197 244 1262 Samnitium
264 1201 344 1263 duce
366 1207 398 1262 et
419 1198 540 1262 inlestis
555 1199 688 1262 bostium
704 1199 774 1262 telis
789 1200 967 1262 conclusum
983 1203 1114 1283 rideret,

60 1299 91 1359 in
119 1300 254 1362 medium
282 1318 320 1363 se
345 1319 457 1384 agmen
488 1302 558 1381 pius
590 1317 689 1362 senex
722 1318 803 1381 equo
835 1303 957 1363 vectus·
976 1302 1113 1384 ingessit

60 1400 128 1472 Quo
151 1399 234 1462 lacto
254 1403 385 1480 permoti
406 1402 537 1464 Romani
558 1409 619 1464 teta
641 1401 686 1464 ibi
708 1401 879 1464 incubuere
900 1403 986 1480 acie,
1015 1403 1115 1467 donec

59 1501 161 1580 ipsum
184 1500 294 1563 ducem
315 1502 455 1564 Pontium
478 1502 581 1564 deleto
610 1502 714 1564 hostili
741 1504 881 1564 exercitu
907 1503 1023 1566 victum
1052 1523 1113 1586 op-

57 1616 267 1680 pressumque
286 1609 444 1680 ceperunt.
462 1621 464 1624 ’
482 1601 578 1662 Caesa
599 1608 672 1662 sunt
693 1603 725 1662 in
747 1619 790 1664 eo
801 1603 922 1681 praelio*
934 1603 1114 1668 Samnitium

57 1701 172 1781 uiginti
201 1698 313 1778 millia,
340 1706 426 1779 capta
456 1707 557 1761 autem
586 1706 718 1778 quatuor
739 1701 833 1762 millia
855 1719 925 1762 cunr
946 1719 1027 1782 rege·
1045 1721 1115 1768 suo:

59 1800 248 1878 tandemque
271 1799 477 1862 Samniticum.
493 1800 625 1877 bellum,
652 1797 736 1879 quod
762 1817 818 1879 per
850 1799 1054 1882 quadraginta¹
1084 1807 1116 1868 el

60 1916 171 1962 novem
202 1916 300 1960 annos
329 1899 424 1962 nrulta
451 1900 660 1962 Romanorum·
690 1899 777 1962 olade
810 1899 1001 1978 trahebatur,
1035 1906 1116 1984 capti

60 2001 152 2062 ducis
181 2000 381 2062 destitutione
413 2000 532 2062 linitum
564 2006 619 2062 est.
678 1999 769 2061 Anno
802 1999 1012 2082 subsequente
1045 2023 1116 2067 earn

62 2100 188 2164 Sabinis
207 2100 302 2162 Curio
323 2099 456 2162 Consule
478 2100 593 2163 bellum
614 2108 735 2182 gestum
760 2108 827 2179 est,
848 2101 905 2163 ubi·
925 2109 1001 2182 quot
1022 2104 1116 2170 millio

60 2201 218 2263 boariorum
241 2199 420 2280 interfecta,
442 2209 519 2282 quot
539 2208 625 2281 capta
647 2201 725 2278 sint,
747 2202 813 2281 ipse
836 2202 948 2263 consul
971 2205 1115 2282 ostendit,

61 2303 115 2382 qui
143 2320 218 2363 cum
242 2303 280 2363 in·
304 2308 419 2364 senatu
436 2302 678 2384 magnitudinem
700 2292 846 2381 adquisibi
867 2302 934 2383 agri
957 2301 1065 2366 Sabini
1085 2311 1117 2366 et
1175 2319 1178 2325 ’

61 2402 293 2465 multitudinem
312 2403 393 2482 eapti
415 2403 523 2484 populi·
541 2401 660 2463 relerr'e
683 2401 794 2479 uellet,
822 2419 983 2464 numerum
1012 2404 1116 2482 expli·-

63 2521 134 2566 care
158 2521 225 2565 non
244 2504 352 2583 potuit.
386 2503 479 2565 Anno
500 2503 538 2564 ab
561 2502 648 2562 Urbe·
666 2501 787 2562 condita
804 2500 1002 2562 CCCCLXlll.
1018 2502 1117 2564 Dola*

62 2603 144 2666 bella
167 2611 200 2666 et
220 2605 357 2667 Domitio
378 2603 566 2680 oonsulibus,
585 2601 713 2677 Lucani,
729 2599 850 2678 Bruttii,
866 2599 1022 2664 Samnites
1034 2618 1117 2681 quo·-

63 2723 126 2784 que
148 2723 220 2768 cum
241 2705 379 2768 Etruscis
400 2712 435 2768 et
454 2702 628 2766 Senonibus
648 2699 742 2764 Gallis
765 2699 844 2763 lacta
866 2701 1118 2780 societatemn

61 2806 244 2868 rediviumn·
261 2814 367 2870 conuu
392 2807 544 2868 Romanos
570 2803 691 2866 bellum
715 2801 911 2878 molirentur,
939 2801 1006 2862 R'o-
1031 2798 1119 2886 [wll]

64 2909 146 2968 mani
169 2907 211 2969 ad
231 2909 403 2970 exorandos
426 2905 528 2969 Gallos
549 2906 669 2969 misere·
685 2903 822 2986 legatos:
849 2915 1018 2982 quoscum
1042 2901 1121 2964 Galli

64 3007 309 3087 interfecissent,
330 3009 482 3072 Caecilius
503 3015 636 3089 praetor,
656 3005 697 3068 ob
720 3003 931 3066 ulciscendam
949 3001 1122 3085 legatoeuat

64 3127 176 3171 necem
206 3117 237 3172 et
264 3109 524 3189 comprimendum
548 3106 711 3169 tumultum
733 3104 871 3166 hostiurm
889 3123 964 3166 cumi
981 3105 1122 3167 exereitu

63 3211 195 3289 missus,
220 3211 257 3273 ab
286 3211 423 3273 Etruscis
452 3208 617 3289 Gallisque
636 3222 803 3286 oppressus
828 3206 960 3266 interiit..
999 3203 1122 3283 Septem

64 3319 228 3391 praeterea
243 3308 358 3374 tribuni
374 3311 503 3379 militum
524 3311 560 3370 in·
579 3327 615 3370 ea
637 3323 740 3388 pugna
763 3305 869 3381 occisi,
892 3303 981 3364 multi
1002 3303 1123 3366 nobiles

64 3413 226 3494 trucidati,
259 3413 406 3475 tredecim
441 3411 535 3472 millia
569 3407 705 3471 uril'itum.
728 3405 932 3466 Romanorum
959 3403 1012 3466 illo
1040 3404 1123 3466 bello

64 3519 217 3592 prostrata
243 3520 324 3576 suut.
367 3512 411 3574 ltu
434 3518 535 3572 autern
559 3511 806 3591 quotiescunque
829 3503 907 3568 Galli
930 3512 1122 3582 exarserunt,

65 3615 140 3675 totis
162 3613 272 3694 opibus
294 3613 365 3676 suis·
380 3613 474 3675 Roma
497 3613 606 3677 (intrita
629 3617 696 3688 est,
719 3614 753 3670 ut
779 3606 836 3670 sub
864 3607 1018 3687 praesenti
1040 3611 1124 3666 nune

65 3716 306 3778 concursatione
326 3712 493 3777 Gothorum
516 3713 616 3796 nugis
634 3711 746 3776 debeat
768 3708 944 3772 morubusse
960 3705 1123 3768 Gallorum

930 3963 973 4069 qa
