2634 4434
547 338 622 411 259

481 437 688 454 *—

426 591 614 730 daput
668 585 742 696 ll.
830 497 834 502 Ι

56 815 117 881 De
137 815 209 880 aito
231 814 265 878 et
281 812 390 897 pectis
408 811 540 880 obterat
553 808 731 888 Caesarie,
755 806 922 893 quomado
938 800 1112 871 otmarum

124 916 307 998 amplexae
333 917 394 998 ait,
421 917 465 981 de
491 916 568 998 ejvs
593 913 795 980 erudelitate
816 912 853 976 r'rr
872 909 1050 992 plurimae.

145 1084 236 1147 Anno
265 1085 303 1147 ab
331 1084 414 1145 Urbe
441 1084 564 1145 condita
586 1080 778 1144 Doctxvtt.
802 1085 1018 1159 postmortem
1042 1076 1113 1138 du-

55 1187 143 1268 gusti
159 1185 298 1248 Caesaris
313 1184 454 1245 'liberius
473 1183 586 1245 Caesar
607 1183 767 1262 imperium
791 1180 919 1258 adeptus
943 1184 999 1254 est,
1023 1193 1113 1238 man-

56 1289 163 1367 sitque
185 1287 218 1347 in
242 1302 280 1346 eo
302 1285 392 1345 annis
416 1284 525 1365 viginti
554 1290 585 1347 et
611 1284 718 1346 tribus.
763 1281 819 1343 llio
841 1279 1114 1360 persemetipsum
1177 1279 1180 1285 “

56 1386 146 1449 nulla
168 1383 250 1446 bella
272 1385 383 1465 gessit,
411 1386 466 1448 sed
488 1404 528 1448 ne
549 1403 606 1466 per
626 1385 744 1466 legatos
767 1383 890 1464 quidem
913 1380 1015 1459 aliqua
1038 1396 1115 1460 gra-

54 1489 127 1562 ria,
158 1484 220 1546 nisi
248 1486 330 1563 quod
357 1493 473 1548 tantum
501 1487 666 1565 aliquantis
688 1486 720 1546 in
742 1483 818 1546 locis
841 1480 1031 1564 praecogniti
1053 1481 1116 1541 cito
1201 1547 1203 1564 Ι

56 1586 202 1668 gentium
236 1591 373 1646 tumores
406 1586 692 1665 comprimebantur.
742 1584 821 1647 Sane
856 1588 963 1661 quarto
995 1581 1117 1659 imperii
1204 1583 1205 1588 ’

57 1686 131 1767 ejus
159 1702 241 1746 anno
268 1684 485 1764 Germanicus,
514 1686 606 1747 Drusi
638 1684 736 1761 lilius,
764 1681 921 1762 Caligulae
947 1687 1048 1760 pater,
1077 1677 1117 1740 de

59 1784 234 1863 Germanis,
256 1785 295 1847 rd
317 1803 396 1865 quos
417 1787 454 1848 ab
471 1787 613 1869 Augusto
635 1803 712 1847 senc
735 1786 845 1846 missus
868 1780 978 1856 luerat,
1002 1780 1116 1842 trium·
1188 1815 1191 1822 .

59 1886 177 1967 pharit
219 1885 289 1966 lpse
318 1895 420 1949 autem
449 1888 590 1950 'liberius
623 1886 753 1967 plurima
785 1884 906 1965 imperii
940 1883 989 1944 sui
1020 1888 1117 1961 parte,

61 2004 136 2049 cum
162 2004 272 2067 magna
300 1994 331 2048 et
357 1989 443 2070 grand
471 1982 630 2052 modestia
647 1987 835 2067 reipublicae
863 1983 1010 2065 praefuit,
1040 1983 1117 2044 adeo

60 2093 101 2148 ut
122 2086 302 2165 quibusdam
324 2077 516 2169 praesidibus
538 2090 680 2171 augenda
706 2087 871 2168 provinciis
899 2085 1012 2146 tributa
1040 2101 1117 2144 sua-

62 2185 210 2249 dentibus
232 2190 406 2269 scripserit,
434 2187 525 2254 Boni
548 2190 704 2271 portoria
732 2204 811 2250 erae
838 2185 980 2248 tondere
999 2199 1119 2264 pecua,

61 2304 138 2352 nort
158 2287 349 2371 depltrbere.
390 2288 433 2350 At
454 2296 612 2369 postquam
639 2305 746 2368 passus
776 2293 823 2348 est
848 2284 997 2346 Dominus
1025 2282 1118 2342 Cbri-

61 2395 147 2465 stus,
181 2395 273 2469 atque
301 2407 318 2450 a
347 2390 475 2450 mortuis
500 2389 688 2472 resurrexit,
722 2394 753 2448 et
786 2385 951 2463 discipulos
979 2399 1052 2444 suos
1082 2381 1119 2443 ad

61 2488 304 2569 praedicandum
320 2487 444 2562 dimisit,
459 2487 583 2563 Pilatus,
598 2502 723 2565 praeses
734 2485 921 2546 Palaestinae
933 2482 1120 2561 provinciae,

61 2587 105 2651 ad
127 2587 285 2649 Tiberium
307 2586 524 2666 Imperatorem
546 2592 639 2665 atque
661 2585 699 2647 ed
726 2591 865 2648 senatum
895 2581 1002 2646 retulit
1029 2577 1120 2654 [ldd]

63 2689 107 2750 de
137 2685 280 2766 passione
310 2694 342 2749 et
372 2687 601 2750 resurrectione
634 2685 762 2763 christi,
796 2681 1121 2766 consequentibusque

64 2785 250 2863 virtutibus,
279 2805 359 2866 quaa
384 2787 436 2849 vel
464 2804 519 2868 per
546 2788 645 2867 ipsum
670 2787 768 2868 palam
791 2783 889 2848 factae
911 2782 1048 2858 fuerant,
1071 2779 1122 2842 vel

65 2884 416 2969 perdiscipulosipsius
432 2882 604 2953 innomine
622 2889 690 2970 ejus
704 2887 829 2964 fiebant,
853 2892 883 2948 et
906 2885 945 2948 de
967 2901 1015 2963 eo,
1040 2882 1122 2964 quod

68 2988 210 3048 certatim
232 2994 393 3048 crescente
415 2988 613 3067 plurimorum
636 2987 697 3050 fide
722 2988 807 3050 Deus
834 2987 1021 3050 crederetur.
1064 2985 1121 3046 Ti-

68 3087 178 3149 berius
199 3104 268 3147 cum
291 3085 437 3166 sullragio
459 3088 562 3169 magni
584 3086 698 3149 favoris
719 3087 826 3151 retulit
847 3087 885 3148 ad
906 3094 1061 3162 senatum,
1090 3094 1124 3150 ut

71 3186 209 3248 Christus
224 3185 309 3246 Deus
322 3184 495 3249 baberetur.
533 3185 665 3250 Senatus
680 3186 891 3268 indignatione
907 3192 1017 3263 motus,
1041 3185 1124 3264 quod

71 3303 135 3348 non
157 3285 216 3347 sibi
238 3285 323 3366 prius
345 3285 515 3348 secundum
537 3305 653 3349 morem
676 3287 809 3349 deletum
832 3293 926 3370 esset,
947 3292 982 3348 ut
1004 3286 1042 3348 de
1064 3304 1122 3348 su-

71 3384 231 3466 scipiendo
246 3385 331 3447 cultu
345 3387 429 3466 prius
445 3386 510 3466 ipse
526 3388 719 3465 decerneret,
735 3389 997 3450 consecrationem
1013 3385 1124 3454 Christi

71 3485 244 3562 recusavit,
271 3486 436 3564 edictoque
464 3488 638 3564 constituit,
672 3489 919 3552 exterminandos
947 3505 1016 3552 esse
1044 3486 1124 3548 Urbe

76 3583 275 3648 Christianos:
303 3587 467 3665 praecipue
490 3604 559 3647 oum
581 3594 614 3648 et
636 3586 780 3669 Sejanus,
803 3589 977 3669 praelectus
999 3585 1125 3662 Tiberii,

75 3684 289 3765 suscipiendae
303 3684 448 3766 religioni
463 3685 702 3750 obstinatissime
716 3690 947 3751 contradiceret.
984 3685 1125 3746 'liberius

76 3791 178 3846 tamen
200 3784 302 3846 edicto
324 3785 552 3849 accusatoribus
575 3786 815 3850 Christianorum
838 3794 966 3849 mortem
992 3787 1124 3848 commi-

75 3890 165 3946 natus
188 3890 245 3946 est.
288 3883 395 3967 ltaque
416 3884 562 3965 paulatim
583 3888 741 3950 immutata
763 3893 809 3948 est
831 3885 883 3947 illa
898 3884 1013 3946 'liberii
1036 3881 1125 3967 [lot]

78 3982 217 4046 Caesaris
243 3983 449 4046 laudatissima
475 3984 637 4062 modestia,
672 3987 703 4047 in
736 4001 864 4063 poenam
895 3985 1126 4049 contradictoris
