2634 4434
696 319 746 389 66

194 557 373 618 vulneratus
394 573 411 616 a
435 553 543 632 fratre,
573 553 646 634 equi
675 552 840 614 velocitate
862 551 952 614 morti
972 558 1116 616 exemtus
1137 554 1246 617 evasit.

195 655 293 737 Cyrus
314 664 434 734 autem,
462 672 534 716 mox
555 673 572 716 a
595 655 721 716 cohorte
743 654 829 735 regio
851 658 1033 733 oppressus,
1056 651 1147 715 finem
1170 671 1247 716 cer·

194 756 300 818 lamini
329 756 421 820 dedit.
464 754 652 818 Artaxerxes
679 772 755 836 ergo
787 760 819 816 et
850 752 975 830 praeda'
996 751 1150 817 fraternae
1185 773 1249 817 ex·

193 855 373 934 peditiouis,
397 863 428 918 et
454 857 594 919 exercitu
614 856 745 935 potitus,
767 859 948 934 potestatem
970 855 1060 935 regui
1081 855 1248 934 parricidio

194 955 333 1020 firmavit.
378 957 429 1020 Sic
456 957 602 1020 universa
628 952 702 1017 Asia
730 961 823 1034 atque
850 953 987 1034 Europa,
1015 957 1123 1034 partim
1151 956 1184 1017 in
1214 973 1251 1018 se
1312 1034 1316 1040 ι

194 1057 352 1139 singulae,
378 1058 486 1137 partim
515 1058 548 1119 iu
575 1075 609 1119 se
632 1055 765 1117 invicem
787 1053 949 1116 funeribus
971 1061 1004 1117 et
1024 1054 1148 1136 flagitiis
1170 1073 1250 1135 per-

195 1157 412 1220 miscebantur.
456 1156 537 1220 Ecee
560 1157 738 1237 parvissima
760 1158 882 1237 pagina,
906 1155 1071 1235 verbisque
1093 1156 1251 1236 paucissi-

196 1258 263 1334 mis,
287 1265 417 1337 quantos
439 1258 478 1320 de
500 1264 545 1319 tot
566 1257 744 1341 provinciis,
766 1255 887 1336 populis
909 1263 1003 1336 atquc
1024 1255 1164 1334 urbibus,
1185 1273 1253 1320 uon

195 1354 282 1440 [139]
306 1359 402 1438 magis
424 1357 558 1437 explicui
580 1363 667 1418 actus
696 1374 839 1436 operum,
867 1373 958 1435 quam
980 1356 1118 1437 implicui
1138 1356 1253 1438 globos

195 1459 398 1520 miseriarum.
436 1457 511 1531 Quis
534 1457 616 1518 enim
640 1457 758 1519 cladem
780 1457 862 1518 illius
885 1457 1041 1537 temporis,
1065 1459 1134 1539 quis
1157 1457 1252 1520 lando

196 1557 306 1620 lunera
346 1556 495 1638 explicet,
533 1565 587 1620 nut
624 1575 759 1638 aequare
795 1558 938 1639 lacrymis
973 1545 1086 1638 possit
1104 1554 1253 1622 doloresf

195 1657 412 1720 Verumtamen
439 1658 515 1722 haec
544 1660 626 1739 ipsa,
656 1660 728 1739 quia
751 1659 847 1720 multo
869 1660 1034 1740 interjectu
1055 1659 1253 1722 saeculorum

195 1759 414 1836 exoleverunt,
450 1758 530 1822 facta
562 1765 634 1822 suut
667 1760 756 1821 uobis
788 1747 936 1820 exercitia
969 1759 1183 1838 ingeniorum,
1220 1765 1254 1820 et

196 1859 420 1920 oblectamenta
442 1846 628 1933 fabularum:
658 1853 841 1936 quamquam
870 1858 897 1919 si
926 1857 996 1936 quis
1017 1856 1169 1919 intentius
1190 1858 1252 1922 ad-

196 1958 300 2020 hibeat
326 1958 477 2036 animum,
504 1976 637 2038 seseque
665 1963 729 2018 toto
756 1957 868 2018 mentis
894 1955 1018 2019 adfectu
1046 1957 1122 2037 ipsis
1144 1977 1251 2039 paene

196 2059 297 2120 causis
324 2057 476 2137 bellisque
498 2060 696 2138 permisceat,
728 2074 894 2118 aurursus
915 2057 1001 2120 velut
1022 2059 1055 2120 in
1076 2075 1149 2121 arce
1170 2078 1252 2139 spe-

196 2158 308 2220 ctaculi
330 2159 531 2220 constitutus:
564 2164 729 2238 utrumque
756 2159 788 2219 in
810 2157 875 2219 suis
903 2158 1100 2238 qualitatibus
1128 2167 1252 2240 tempus

196 2259 411 2338 permetiatur,
442 2258 531 2320 facile
555 2259 701 2337 dixerim,
724 2277 795 2321 eum
816 2258 1036 2340 judicaturum,
1059 2277 1163 2340 neque
1185 2260 1252 2338 illa,
1316 2257 1317 2272 ¹

196 2360 257 2420 nisi
280 2361 357 2420 irato
379 2366 472 2439 atque
493 2357 634 2422 aversato
649 2361 716 2421 Deo
737 2375 828 2440 posse
850 2366 910 2421 tam
933 2359 1100 2423 infeliciter
1121 2369 1251 2442 pertur-

197 2459 262 2522 bari
285 2477 321 2522 ac
350 2461 543 2540 permisceri,
573 2479 677 2542 neque
698 2462 755 2523 ista
777 2461 839 2537 sic,
862 2461 922 2523 nisi
943 2462 1074 2541 propitio
1096 2468 1128 2523 et
1149 2463 1252 2525 mise-
1314 2379 1316 2536 Ι

196 2569 284 2622 rante
316 2562 467 2640 componi.
511 2562 565 2624 llis
597 2563 710 2624 deindo
743 2560 931 2642 temporibus
958 2562 1139 2644 gravissimo
1165 2571 1253 2626 motu
1313 2604 1314 2629 t

197 2669 298 2722 terrae
335 2677 482 2722 concussa
521 2662 641 2737 Sicilia,
683 2662 809 2739 insuper
844 2663 1094 2725 exaestuantibus
1130 2664 1252 2727 Aetnae
1313 2636 1314 2711 l

198 2762 309 2823 montis
331 2759 455 2842 ignibus
477 2758 652 2840 favillisque
675 2760 797 2837 calidis,
820 2778 889 2822 oum
912 2761 1096 2825 detrimento
1118 2763 1252 2844 plurimo
1312 2806 1313 2823 t

197 2879 339 2944 agrorum
374 2860 577 2941 villarumque
609 2866 726 2922 vastata
759 2867 813 2922 est.
864 2861 950 2924 func
982 2865 1074 2925 etiam
1107 2864 1253 2927 Atalante
1312 2828 1313 2881 ¹

198 2963 317 3036 civitae,
339 2960 444 3022 Locris
466 2959 645 3036 adhaerens,
669 2966 770 3022 terrae
793 2963 947 3044 contigua,
973 2967 1136 3052 repentino
1158 2967 1253 3028 maris
1311 2954 1313 3051 l

199 3063 314 3141 impetu
325 3060 469 3136 abscissa,
486 3067 577 3140 atque
591 3061 623 3121 in
636 3060 765 3123 insulam
780 3063 915 3125 desolata
930 3071 985 3126 est.
1013 3064 1253 3128 Atheniensium

200 3159 906 3246 quoquemiserabilesrcliquiaspestisinvasit,
917 3164 1033 3246 diuque
1042 3168 1184 3248 populata
1195 3175 1252 3230 est.
1310 3146 1311 3221 l

199 3377 285 3488 [trop
367 3421 370 3430 -
542 3343 738 3483 bulliit
788 3345 976 3485 XIX¹
1214 3340 1219 3349 ⁴

198 3533 432 3601 Romanorum
456 3555 582 3618 purum
607 3536 753 3604 honeste
773 3540 821 3604 ud
848 3537 950 3622 Vejor
972 3538 1115 3606 obsidio.
1161 3537 1253 3608 Urba

177 3709 182 3716 p
240 3654 263 3701 a
285 3631 396 3702 Gallis
417 3642 519 3721 copta
541 3641 575 3702 et
595 3641 744 3704 curtato.
787 3637 931 3707 Collatic
956 3642 1061 3706 trtius
1082 3641 1212 3707 eredo
1307 3594 1309 3733 Ι

375 3757 453 3804 eum
472 3739 651 3820 praesenti
673 3735 864 3806 Gothorum
884 3741 1074 3809 iuuamoue.

283 3880 373 3938 Anno
395 3876 433 3936 ab
456 3875 537 3937 Urbe
560 3876 682 3940 condito
699 3877 829 3944 CCGLV.
845 3881 964 3943 obsidio
980 3881 1125 3962 Vejorum
1145 3879 1252 3942 decem

198 3976 354 4038 continuis
378 3975 467 4036 aunis
495 3975 592 4056 magis
620 3975 798 4043 obsessores
826 3999 917 4060 quarn
946 3981 1090 4043 obsessos
1115 3979 1251 4042 detrivit.
