2634 4434
697 317 768 387 164

627 417 836 432 —u—-n—-—

204 559 317 639 citum
336 555 480 625 meacm
500 554 605 636 copias
625 553 706 636 apud
728 551 859 616 inlnmes
872 549 942 614 illas
960 550 1106 614 llornanis
1121 551 1265 616 cladibus

205 661 324 727 &unas
356 674 420 722 non
445 658 596 739 disposuit
621 655 799 732 certamini,
820 653 877 719 sed
898 653 1041 734 opposuit
1061 653 1152 716 morti
1159 673 1168 730 3
1194 655 1264 735 plns

204 778 296 841 quam
319 759 519 842 quadraginta
545 758 642 821 millia
663 757 707 820 ibi
730 756 859 818 militnm
880 755 1086 820 domnorum
1107 755 1174 818 sola
1200 757 1263 817 irn-

203 862 351 944 patientia
376 877 451 939 sua,
478 860 518 923 de
545 877 607 940 qua
634 858 696 922 sibi
724 858 884 920 victoriam
902 859 966 939 jaun
987 856 1103 931 dudum
1125 855 1264 920 Annibal

203 961 434 1044 praesumebat,
466 960 574 1026 ambit.
619 959 744 1042 Collega
777 960 868 1022 etiam
896 957 1000 1020 Paullo
1033 954 1107 1038 (qno
1136 958 1264 1022 tandem

205 1059 304 1143 virui)
326 1061 463 1143 perdito,
485 1061 653 1124 novissime
676 1061 709 1124 in
731 1060 842 1123 Urbem
864 1075 962 1140 paene
984 1056 1070 1120 solus
1091 1057 1264 1139 impuden-

205 1163 323 1226 tissimo
343 1163 447 1225 redire
461 1178 555 1225 ansus
574 1168 632 1239 est,
655 1161 830 1240 meruitque
851 1177 926 1224 suae
941 1159 1150 1240 impudentiae
1165 1177 1262 1240 prae·

204 1265 307 1326 mium.
343 1262 419 1326 Mam
440 1263 557 1345 gratiae
579 1262 621 1339 ei,
642 1262 726 1342 quod
748 1261 787 1324 de
807 1259 964 1340 republica
980 1277 1040 1322 non
1057 1259 1262 1340 desperasset,
1311 1311 1312 1316 ,

205 1381 296 1444 qoam
324 1370 426 1426 tamen
454 1364 521 1443 ipse
549 1361 668 1426 lecerat
697 1361 902 1441 desperatam,
935 1359 1058 1442 publice
1086 1361 1118 1422 in
1152 1367 1262 1423 senatu
1311 1375 1312 1406 ³

206 1471 294 1527 actae
315 1471 396 1527 suns
432 1464 526 1528 Porro
547 1470 651 1526 autem
674 1462 844 1540 blandinus,
867 1463 932 1542 qni,
953 1467 1037 1524 sorte
1059 1461 1172 1526 bellica
1196 1462 1261 1533 eir-
1311 1475 1312 1478 ’

205 1571 402 1627 eumventum
425 1566 595 1628 exereitum
624 1583 666 1628 ne
695 1565 853 1645 perderet,
880 1563 1046 1641 laboravit,
1078 1562 1117 1624 ab
1152 1563 1261 1626 eodem

205 1671 315 1728 senatu
336 1664 494 1730 deditione
516 1667 676 1753 damnatus
698 1672 754 1729 ast.
799 1665 888 1742 Seio,
910 1663 1054 1726 Romanis
1076 1671 1108 1725 et
1130 1662 1209 1726 illud
1232 1665 1261 1724 in

206 1762 293 1848 [298]
320 1764 457 1830 Varrone
485 1767 655 1848 displicuit,
684 1767 739 1830 sed
767 1766 897 1846 tempori
926 1781 1106 1827 concessum
1135 1771 1201 1826 est:
1232 1771 1261 1826 et

205 1867 238 1928 in
260 1865 319 1929 hoe
333 1863 475 1929 Mancino
497 1868 620 1946 placuit,
643 1867 699 1929 sed
720 1867 890 1929 seeundum
911 1873 1032 1945 tempus
1054 1873 1260 1947 praesumtum

206 1973 266 2030 est:
293 1973 386 2046 atque
409 1966 480 2029 ideo
501 1968 539 2030 ab
562 1969 650 2030 initio
671 1965 861 2047 perfecistis,
884 1973 918 2028 ut
940 1985 999 2030 nec
1021 1965 1099 2029 civis
1121 1965 1260 2028 consulat

206 2068 429 2129 conuenienter
461 2069 604 2150 ingratis,
638 2087 697 2129 nce
730 2063 826 2128 hostis
859 2065 991 2129 lideliter
1009 2051 1123 2130 ‘credat
1152 2065 1259 2130 inlidis.

205 2167 326 2230 loterea
349 2166 461 2230 Brutus
483 2170 513 2232 in
537 2169 684 2231 ulteriore
707 2167 862 2247 Hispania,
885 2168 1044 2250 sexaginta
1068 2167 1163 2232 millia
1187 2165 1258 2230 Gal·

207 2267 382 2346 laccorum,
410 2271 463 2350 qui
489 2271 644 2333 Lusitanis
666 2268 782 2331 auxilio
804 2276 968 2346 venerant,
990 2271 1159 2350 asperrimo
1183 2267 1259 2332 bello

208 2373 240 2429 et
255 2367 384 2446 difficili,
400 2371 538 2450 quamuis
554 2373 694 2432 incautos
710 2370 973 2446 circumvenisset,
990 2371 1149 2450 oppressit.
1173 2369 1258 2446 Quo-

207 2487 275 2531 rum
298 2469 330 2531 in
357 2486 395 2530 eo
422 2471 538 2550 praelio
565 2472 789 2556 quinquaginta
817 2469 911 2533 millia
938 2469 1055 2547 occisa,
1084 2488 1144 2533 sex
1171 2470 1259 2532 millia

208 2576 295 2649 capla
321 2567 514 2650 referuntur,
543 2575 632 2653 pauci
660 2571 732 2655 luga
760 2578 934 2634 evaserunt.
978 2567 1012 2632 ln
1035 2572 1182 2633 citeriore
1204 2569 1257 2632 lli-

208 2670 312 2749 spania
334 2669 467 2751 Lepidus
493 2673 678 2753 proconsule
705 2671 872 2750 Vaccaeos,
900 2671 1056 2735 innoxiam
1077 2679 1206 2757 gentem
1232 2679 1259 2734 et

208 2770 394 2851 supplicem,
417 2775 508 2836 etiam
528 2780 639 2836 senatu
659 2771 842 2854 probibente
864 2773 1062 2854 pertinaciter
1084 2791 1258 2856 expugnare

208 2874 359 2935 lentavit„
382 2873 443 2937 Sed
465 2891 537 2936 mox
558 2879 682 2954 accepia
706 2873 793 2936 clade
814 2873 995 2957 gravissima
1014 2873 1171 2957 improbae
1187 2893 1258 2956 par-

208 2972 340 3035 tinaciae
360 2989 478 3054 poenas
499 2975 564 3037 luit.
602 2973 665 3039 Sex
686 2973 779 3037 millia
802 2976 915 3056 quippe
929 2974 1133 3038 Romanorum
1151 2976 1183 3037 in
1206 2973 1259 3036 hoo

208 3072 323 3153 injusto
345 3073 428 3136 bello
449 3075 620 3158 justissime
649 3093 738 3139 caesa
765 3081 852 3140 sunt:
882 3076 995 3156 reliqui
1030 3075 1115 3139 exuti
1144 3075 1258 3154 castris,

208 3173 300 3236 armis
329 3176 421 3238 etiam
452 3175 581 3258 perditis
616 3181 790 3241 evaserunt.
833 3175 899 3239 Nec
923 3177 1024 3240 minus
1057 3178 1154 3258 turpis
1187 3177 1258 3239 baec

208 3277 265 3339 sub
287 3273 403 3359 Lepido
425 3278 539 3356 clades,
562 3297 652 3360 quarn
675 3277 732 3342 sub
754 3275 896 3340 Mancino
918 3275 984 3342 luit.
1028 3278 1072 3342 lta
1094 3295 1179 3340 nunc
1204 3277 1257 3340 sibi

208 3377 285 3440 baec
308 3386 444 3460 tempora
466 3380 535 3442 loeo
563 3378 719 3442 felicitatis
746 3375 935 3456 adscribant,
969 3385 1004 3440 ut
1036 3395 1099 3440 non
1132 3379 1257 3442 dixerim

208 3475 335 3558 llispani
367 3487 412 3542 tot
439 3480 551 3562 pulsati
578 3479 760 3563 fatigatique
787 3477 895 3559 bellis,
923 3478 1051 3542 sedvel
1074 3479 1257 3560 ipsisaltem

207 3576 335 3642 Romani
358 3587 417 3642 tam
440 3582 599 3668 continuis·
617 3581 737 3644 subacti
764 3579 902 3645 cladibus
931 3581 1085 3670 totiesque
1110 3580 1255 3661 superati:

208 3688 242 3742 ut
262 3697 325 3743 non
348 3683 541 3762 exprobrem,
564 3689 641 3764 quot
661 3689 818 3764 praetores
834 3698 952 3762 eorum,
974 3685 1049 3762 quot
1063 3679 1169 3762 legati,
1188 3685 1258 3762 quot

208 3783 362 3860 consules,
385 3790 460 3863 quot
482 3783 633 3865 legiones,
656 3781 826 3863 quantique
849 3781 1005 3845 exercitus
1024 3783 1177 3844 consumti
1191 3781 1255 3844 sint

208 3879 287 3942 lllud
308 3882 407 3944 solum
429 3883 574 3960 revolvo,
595 3889 710 3963 quanta
730 3881 828 3944 luerit
848 3884 966 3946 timoris
988 3884 1130 3967 umentia.
1173 3881 1256 3946 Miles

208 3977 362 4042 Romauos
387 3981 566 4061 hebetatus,
581 3990 630 4046 ut
651 3981 715 4062 iarn
744 3997 785 4048 na
805 3984 845 4049 ud
867 3985 1114 4066 experimentum
1134 3983 1256 4065 quidem
