2634 4434
544 317 591 387 5¹7

52 571 153 633 graves
169 554 200 615 in
215 552 300 616 ltalia
317 559 416 616 terrae
432 559 533 616 motus
549 553 685 630 inerunt,
707 561 742 616 ut
756 554 796 616 de
811 557 981 620 innumeris
995 576 1092 638 quas·
1120 539 1233 656 11¹¹*
1246 539 1290 630 ΙΙ

51 655 215 718 sationibus
240 673 275 716 ac
296 655 394 718 ruinis
418 654 558 716 villarum
582 655 827 735 oppidorumque
848 657 980 722 assiduis
1000 659 1095 722 Roma

50 755 159 816 nuntiis
193 754 386 836 fatigaretur:
421 754 541 817 Deinde
574 755 615 816 ita
645 757 731 836 jugis
764 764 796 818 et
828 758 942 819 torrida
973 758 1095 820 siccitas
1177 758 1224 837 ξ’·
1258 750 1291 790 Ι“’

50 851 117 930 luit,
150 862 184 915 ut
217 857 387 934 praesentis
420 862 493 916 tunc
526 855 685 935 futurique
718 857 790 918 anni
818 874 904 937 spem
930 859 1096 940 gignendis

50 958 142 1016 terrae
174 953 324 1018 fructibus
358 955 525 1036 abnegarit.
579 955 754 1036 iisdemque
787 958 993 1037 temporibus,
1025 976 1096 1019 cum

48 1052 204 1117 Fidenates
230 1055 344 1131 hostes,
372 1057 570 1117 maximorum
597 1057 782 1118 auxiliorum
806 1076 898 1118 manu
920 1060 980 1120 sti·
1004 1053 1094 1132 [l2‘3]

47 1162 148 1233 pente,
184 1157 337 1218 terribiles
364 1155 508 1218 Romanis
535 1155 658 1218 arcibus
690 1156 901 1233 imminerent,
933 1157 1096 1233 Aemilius,

48 1257 168 1318 tertium
201 1257 346 1333 dictator,
379 1275 519 1338 magnam
553 1255 623 1318 mali
652 1255 764 1318 molem
791 1258 866 1336 ipsis
892 1257 1016 1319 Fidenis
1043 1259 1097 1319 rix

47 1358 137 1435 captis
162 1356 280 1437 depulit
302 1362 333 1418 et
354 1357 485 1420 sanavit:
508 1364 590 1420 tanta
613 1357 741 1438 inipsis
764 1365 829 1420 erat
848 1358 995 1420 malorum
1021 1359 1094 1420 ani-

47 1473 226 1537 morumque
255 1458 429 1534 contentio,
457 1465 492 1520 ut
519 1458 569 1520 vel
597 1458 778 1520 domesticas
805 1459 908 1521 clades
935 1458 1096 1538 superfusa

46 1554 219 1620 lorinsecus
246 1557 327 1618 bella
354 1556 567 1636 obliterarenta
600 1558 669 1638 vel,
701 1566 769 1636 post
797 1559 906 1623 damna
933 1559 1095 1636 bellorum,

46 1657 185 1718 inducias
207 1657 358 1722 relaxatas
381 1655 522 1718 diversae
543 1664 662 1736 pestes,
689 1659 777 1720 coelo
805 1667 948 1740 terraque
976 1675 1095 1720 excan-

47 1756 221 1834 descentes,
243 1755 421 1820 incessabili
443 1754 640 1818 infestatione
662 1767 902 1838 corrumperent.

393 2009 580 2144 bapnt
630 2006 750 2116 llll.

149 2213 207 2278 Dc
228 2209 370 2280 Siciliae
391 2215 544 2304 imperto,
566 2215 739 2298 rebusque
759 2214 795 2278 in
818 2231 861 2278 ea
877 2216 996 2296 pastis.

131 2367 247 2447 Sicilia,
270 2369 307 2430 ab
331 2370 421 2431 initio
440 2371 536 2449 patria
559 2371 737 2450 Cyclopum,
760 2376 792 2430 et
813 2377 882 2448 post
902 2386 957 2432 eos
978 2389 1102 2451 semper

48 2471 152 2530 nutrix
185 2477 382 2550 tyrannorum
417 2469 483 2530 fuit.
534 2467 631 2546 Saepe
665 2472 756 2531 etiam
785 2471 902 2546 captiva
930 2486 1100 2546 servorum,

49 2588 177 2648 qnorum
191 2571 279 2650 primi
295 2569 438 2632 carnibus
454 2568 622 2646 bominum,
639 2568 731 2641 medii
743 2567 939 2645 cruciatibus,
955 2569 1102 2648 postremi

50 2671 197 2732 mortibus
230 2670 448 2750 pascebantur:
485 2675 614 2749 excepto
648 2687 703 2747 eo,
737 2669 818 2748 quod
846 2671 983 2732 externis
1011 2652 1102 2732 bellis

50 2779 101 2832 aut
132 2771 245 2852 praeda
280 2769 480 2849 habebatur,¹
501 2777 554 2832 aut
586 2771 764 2850 praemium.
811 2766 910 2845 llaec,
943 2777 978 2831 ut
1010 2787 1102 2848 quam

50 2870 231 2932 brevissime
252 2871 419 2951 absolvam,
442 2873 582 2950 requiem
605 2871 764 2947 malorum,
786 2870 848 2930 nisi
869 2886 962 2946 nunc,
985 2873 1100 2931 nescit:

50 2971 122 3048 imo,
145 2979 181 3032 ut
203 2972 377 3036 evidentius
399 2973 592 3034 diversitates
608 2980 778 3050 temporum
794 2969 1007 3049 declarentur,
1022 2973 1103 3032 sicut

50 3079 141 3134 antea
164 3071 216 3133 vel
245 3071 408 3134 intestinos
435 3073 486 3134 vel
521 3081 668 3134 externos
699 3071 848 3132 tumultus
879 3089 1023 3151 perpessa
1056 3080 1104 3134 est

51 3173 134 3234 inter
154 3189 261 3234 omnes
284 3171 348 3232 sola
369 3188 506 3252 semper,
535 3174 575 3235 ita
598 3189 682 3234 nunc
704 3188 744 3231 ex
766 3171 908 3233 omnibus
929 3171 994 3231 sola
1016 3188 1102 3230 nnn-

51 3291 142 3352 quam
170 3273 290 3352 patitur.
334 3269 409 3333 Nam
438 3276 529 3337 etiam
557 3271 603 3352 (ut
629 3270 735 3332 sileam
764 3271 803 3330 de
830 3270 988 3330 diuturni·
1017 3266 1104 3354 [tat]

50 3379 112 3434 tate
135 3372 187 3434 vel
210 3371 292 3432 illius
314 3371 504 3451 calamitatis,
528 3391 587 3452 qua
610 3385 714 3450 pressa
736 3376 794 3446 est,
815 3368 866 3430 vel
886 3368 975 3431 istius
989 3389 1103 3434 econ·

51 3475 156 3550 trario,
185 3491 245 3552 qna
268 3471 390 3550 fruitur,
413 3472 507 3553 pacis)
530 3455 630 3533 Aetda
653 3472 729 3551 ipsa,
753 3488 832 3550 quae
854 3477 928 3531 tunc
950 3490 1018 3533 curu
1043 3491 1104 3535 ex-

51 3575 133 3636 cidio
156 3573 278 3633 urbium
302 3580 395 3652 atque
419 3591 560 3654 agrorum
577 3571 694 3634 crebris
709 3570 920 3650 eruptionibus
936 3573 1105 3649 aestuabat,

51 3691 135 3734 nunc
159 3680 276 3734 tantum
298 3674 424 3749 innoxia
448 3675 551 3754 specie
574 3672 610 3734 ad
633 3674 867 3752 praeteritorum
889 3672 979 3734 iidem
1002 3671 1105 3735 iumat.

52 3772 150 3853 igitur
172 3780 207 3834 nt
227 3777 466 3854 praetermittam
489 3775 610 3836 interim
634 3774 673 3834 de
696 3775 848 3854 tyrannis,
876 3788 1006 3852 quorum
1037 3789 1107 3835 mox

53 3875 107 3954 qni
131 3874 190 3934 fuit
212 3874 303 3952 ultor,
327 3891 489 3938 successor
511 3873 639 3936 allectus
663 3881 730 3947 cst,
756 3873 856 3934 medio
878 3879 1026 3948 tempore,
1049 3873 1108 3936 boc

53 3983 117 4052 est,
145 3991 227 4038 anno
254 3975 292 4038 ab
322 3975 403 4038 Urbe
425 3975 547 4038 condita
570 3971 760 4035 CCCXXXV.
783 3989 853 4033 cum
875 3969 1006 4050 Rhegini
1028 3975 1108 4052 apud
