2634 4434
583 343 653 412 311

347 612 351 618 ’
394 591 592 731 eaput
640 581 841 700 xxxvl.-
1062 611 1147 738 ne]

62 829 67 831 “
91 811 149 876 De
170 813 312 894 imperio
335 813 494 880 elredus
514 816 621 898 pestis
642 812 796 890 Arcadii,
822 809 1008 877 Theodosii
1021 813 1147 894 jnnio-

56 915 144 977 ‘ria
174 917 210 978 et
234 912 382 981 Honorii
411 912 611 982 Caesarum.
664 915 719 980 De
746 911 905 980 Gildonis
930 913 1078 998 perfidio
1104 933 1148 980 uc

134 1015 378 1102 molitionibus,
404 1021 518 1082 iontem
542 1036 608 1102 per
632 1016 859 1110 Moscozilem
887 1016 1105 1100 compressis.

177 1185 268 1246 Anno
296 1187 333 1248 ab
358 1187 438 1249 Urbe
461 1188 582 1249 condita
605 1184 760 1248 lllCXLlX.
805 1184 956 1247 Arcadius
973 1184 1146 1266 Augustus,
1184 1143 1186 1151 y

90 1287 181 1366 cujus
203 1304 287 1348 nuno
315 1287 396 1350 lilius
424 1288 613 1350 Theodosius
639 1286 798 1348 Orientem
827 1287 908 1366 regit
935 1292 967 1348 et
994 1285 1147 1347 Honorius
1190 1275 1192 1278 ’

89 1387 262 1466 Augustus,
285 1385 381 1449 frater
402 1391 479 1470 ejus,
503 1390 553 1450 oui
575 1407 660 1459 nuno
673 1387 856 1467 Respublica
883 1387 1033 1464 innititur,
1064 1404 1145 1465 qua-

90 1486 265 1567 dragesimo
302 1495 334 1549 et
371 1490 509 1550 secundo
543 1489 611 1551 loco
645 1506 808 1551 commune
841 1488 1001 1567 imperium
1041 1487 1147 1549 divisis

89 1593 209 1651 tantum
232 1587 359 1650 sedibus
387 1595 495 1650 tenere
522 1597 705 1670 coeperunt:
738 1590 876 1668 vixitque
902 1587 1052 1649 Arcadius
1079 1593 1148 1666 post

89 1688 185 1766 patris
208 1705 368 1751 excessum
388 1690 477 1750 aunis
492 1689 665 1767 duodecim,
680 1690 863 1769 imperiique
879 1705 1026 1749 summum
1041 1687 1146 1749 Theo-

90 1787 190 1864 dosio,
212 1788 353 1852 filiosuo
376 1807 469 1870 parvo
491 1790 664 1867 admodum,
693 1791 827 1851 moriens
849 1789 982 1850 tradidit.
1026 1786 1147 1849 Interea

91 1886 182 1949 Gildo
209 1907 327 1966 comes,
357 1892 410 1970 qui
438 1892 469 1950 in
497 1875 585 1952 initio
607 1891 698 1970 regni
720 1907 826 1952 eorum
849 1888 974 1950 Africae
996 1895 1146 1968 praeerat,

89 1989 182 2062 simul
205 1998 239 2052 ut
261 1989 439 2052 defunctum
462 1990 666 2052 Theodosium
690 1985 853 2070 comperit,
882 1990 964 2066 sive,
994 1995 1028 2050 ut
1055 1986 1146 2063 [564]

91 2090 215 2168 quidam
238 2090 358 2172 ferunt,
387 2091 516 2172 quadam
540 2098 696 2172 permotus
718 2091 847 2169 invidia,
871 2089 1005 2152 Africam
1029 2087 1146 2151 Orien·-

90 2191 161 2252 talis
190 2192 310 2270 imperii
336 2193 473 2272 partibus
497 2194 632 2272 jungere
659 2192 782 2253 molitus
810 2197 872 2252 est:
906 2191 988 2267 sive,
1022 2189 1147 2253 utalia

89 2289 183 2352 tradit
210 2293 329 2370 opinio,
364 2293 518 2352 minimam
546 2293 578 2352 iu
605 2291 740 2371 parvulis
769 2307 866 2369 spem·
884 2288 950 2351 lore
972 2289 1145 2370 arbitratus,

88 2393 270 2471 praesertim
294 2409 363 2452 oum
385 2391 503 2471 absque
524 2392 572 2453 his
594 2408 657 2453 uon
679 2389 770 2452 lacile
793 2397 882 2451 antea
906 2393 1065 2471 quisquam
1083 2409 1145 2471 pu-

88 2490 179 2553 sillus
208 2493 240 2552 in
267 2492 395 2570 imperio
423 2492 567 2566 relictus,
599 2491 638 2552 ad
671 2491 875 2552 maturitatem
908 2491 1005 2552 virilis
1037 2494 1146 2554 aetatis

90 2592 242 2653 evaserit:
277 2592 391 2671 istique
422 2592 640 2672 propemodum
668 2589 726 2653 soli
753 2590 965 2683 inveniantur,
995 2609 1072 2671 quos
1106 2595 1146 2655 ob

91 2691 251 2770 egregiam
279 2686 372 2770 patris
400 2709 436 2753 ae
468 2709 553 2752 suam
586 2691 677 2753 fidem
710 2697 741 2753 et
774 2691 888 2752 divisos
921 2697 952 2751 et
985 2691 1146 2756 destitutos

91 2789 206 2851 Christi
237 2791 331 2852 tutela
357 2792 544 2871 provexerit.
588 2791 723 2853 Africam
753 2797 927 2870 excerptam
955 2779 973 2853 a
999 2795 1147 2857 societate

90 2890 291 2970 Reipublicae
316 2892 377 2954 sihi
405 2910 552 2972 usurpare
574 2909 668 2955 ausus
690 2899 752 2970 est,
773 2891 882 2974 gentili
905 2892 1001 2972 magis
1023 2892 1148 2958 licentia

92 2998 267 3069 contentus,
291 3012 381 3072 quam
404 2993 520 3054 ambitu
541 2995 648 3074 regiae
670 2991 883 3054 adsectationis
906 2992 1036 3056 inflatus.
1069 2995 1147 3060 Huic

92 3091 237 3153 Maseezil
260 3091 356 3154 irater
376 3092 445 3170 suit,
468 3095 521 3172 qui
543 3111 691 3154 novarum
713 3110 816 3154 rerum
839 3093 870 3154 iu
894 3092 987 3155 fratre
1009 3095 1147 3160 molitio·
1195 3089 1202 3110 ‘

93 3210 151 3253 nes
173 3193 422 3272 perhorrescens,
443 3193 559 3254 relictis
574 3192 654 3272 apud
670 3190 845 3254 Africanam
868 3192 1004 3256 militiam
1028 3195 1147 3260 duobus

94 3291 165 3354 filiis
188 3293 434 3356 adolescentibus
461 3294 493 3354 in
520 3293 635 3355 ltaliam
662 3293 761 3356 rediit.
806 3292 895 3355 Gildo
920 3301 952 3356 et
979 3295 1148 3360 absentiam

95 3393 197 3456 fratris
212 3401 244 3456 et
258 3396 461 3474 praesentiam
481 3393 612 3457 liliorum
635 3393 702 3473 ejus
724 3402 895 3474 suspectam
918 3394 1044 3475 habens,
1068 3399 1147 3461 ado-

80 3489 249 3556 lescentes
271 3494 342 3556 dolo
365 3495 591 3557 circumventos
617 3493 781 3556 interiecit.
826 3493 873 3556 Ad
903 3494 985 3560 huuc
1007 3500 1086 3579 Jam,
1115 3507 1149 3560 ut

95 3594 231 3672 hostem,
268 3595 351 3656 bello
384 3596 608 3676 insequendum
641 3591 788 3658 Muscezil
821 3595 915 3659 irater
948 3600 1057 3658 missus
1091 3607 1147 3674 est,

97 3714 189 3775 quem
211 3696 356 3758 idoneum
379 3697 588 3775 procurandae
610 3696 799 3778 reipublicae
821 3697 887 3759 iore
904 3698 1043 3775 propriae
1060 3698 1147 3760 orbi-

96 3797 167 3858 tatis
194 3815 305 3858 recens
333 3797 420 3859 dolor
447 3796 655 3877 pollicebatur.
699 3797 798 3879 Igitur
823 3796 965 3857 Masoezll
987 3799 1049 3877 jam
1077 3799 1149 3861 inde

97 3917 114 3959 a
137 3897 308 3960 Theodosio
330 3899 443 3975 sciens,
466 3907 612 3977 quantum
628 3899 660 3960 in
676 3898 769 3958 rebus
785 3897 1038 3975 desperatissimis
1053 3901 1149 3961 oratio

91 3998 229 4064 hominis
251 4016 306 4079 per
327 3999 418 4062 fidem
441 3997 552 4059 Christi
574 4017 591 4060 a
614 3997 777 4059 clementia
798 3997 855 4058 Dei
878 3996 1063 4076 impetraret,
1087 3998 1143 4061 Ga-
