2634 4434
486 267 693 430 Q

63 554 195 633 exstitit,
224 559 366 634 corrupto
395 555 470 615 aere
490 555 586 636 pestis
607 553 725 618 intusa:
751 570 830 632 quac
853 570 908 632 per
929 555 1030 624 omnia
1053 557 1117 618 lto-

62 655 145 718 mani
163 655 253 736 regni
275 653 313 716 ab
342 652 470 717 Oriente
498 657 530 718 in
560 654 760 718 Occidentem
789 655 900 734 spatia,
929 671 998 715 cum
1027 673 1117 720 omne

33 844 35 849 ,
61 756 281 836 propemodum
302 770 403 836 genus
424 754 580 820 bominum
603 763 637 820 et
657 753 809 836 pecudum
832 753 902 816 neci
925 754 1023 832 dedit,
1054 763 1117 818 tum

62 857 155 919 etiam
369 861 378 866 ’

167 952 399 1079 Compitpue
420 991 667 1080 lucaceimtbcit
685 994 813 1076 pabulo
835 994 920 1058 tabo.
1032 993 1119 1082 [535]

60 1165 109 1228 lbi
131 1170 269 1228 oemvnm
287 1165 422 1246 Aegypti
444 1163 660 1226 contritionem
682 1162 787 1234 secere
809 1163 961 1226 excitatae
982 1166 1120 1248 undique

60 1264 202 1328 locustae
223 1269 383 1339 tenentes,
405 1268 542 1326 terentes
567 1270 774 1346 tegentesque
802 1265 919 1325 omnia:
950 1265 1000 1327 hic
1029 1275 1119 1330 octu-

60 1384 132 1429 vam
160 1380 262 1444 acque
284 1363 316 1424 in
337 1362 570 1430 subversionem
591 1364 721 1428 Romani
743 1363 827 1427 orbis
849 1365 1000 1428 excitatae
1022 1367 1119 1431 undi-

61 1462 276 1548 queintulere
290 1471 410 1546 gentes,
434 1483 513 1544 quae
536 1465 682 1528 caedibus
705 1465 798 1546 atipue
819 1466 971 1528 incendiis
994 1477 1120 1533 cunctas

49 1552 239 1648 'provincias
261 1564 451 1642 deleverunt.
471 1615 476 1618 .
494 1565 540 1627 lbi
563 1584 643 1628 nona
666 1567 799 1628 turbatio
822 1566 980 1628 diuturnas
1002 1587 1120 1632 crassas

61 1685 100 1729 ae
123 1682 221 1746 paene
243 1665 417 1728 tractabiles
439 1666 582 1728 tenebras
605 1665 727 1747 babuit,
754 1665 822 1746 plus
844 1666 969 1727 omnino
991 1670 1121 1747 periculi

62 1766 247 1830 comminata
262 1784 353 1846 qoam
368 1765 456 1829 lecit:
481 1766 531 1828 hie
546 1767 658 1853 itidem
682 1784 763 1829 nona
785 1766 938 1854 correptio
960 1765 1028 1846 luit,
1051 1789 1121 1832 eum

62 1867 233 1929 Aureliano
255 1869 501 1947 persecutionem
524 1869 702 1930 decernenti
728 1868 802 1929 diris
825 1866 998 1929 turbinibus
1025 1872 1121 1932 terri·

63 1967 129 2030 bile
150 1986 187 2030 ec
215 1968 301 2030 triste
331 1967 448 2030 tulmen
465 1967 534 2030 'sub
563 1967 661 2063 ipsius
691 1969 821 2050 pedibus
850 1969 927 2046 ruit,
956 1972 1124 2035 osteudens

65 2068 158 2149 quid,
180 2086 249 2131 cum
273 2069 349 2158 ultio
372 2068 440 2131 talis
462 2071 619 2151 exigeret,
643 2077 744 2132 tantus
766 2059 869 2150 posset
891 2069 987 2147 ultor,
1011 2073 1070 2134 nisi
1094 2081 1124 2135 et

66 2169 203 2231 clemens
225 2176 309 2232 esset
330 2176 362 2231 et
383 2170 517 2249 patiens:
541 2186 715 2248 quanquam
737 2172 816 2231 intra
831 2185 888 2230 sex
902 2169 1014 2231 abhinc
1030 2189 1123 2232 men-

65 2286 118 2332 ses
139 2271 280 2334 succidui
301 2277 364 2332 tres
378 2269 590 2348 Imperatores,
613 2268 672 2330 boc
695 2276 756 2330 est:
780 2267 978 2347 Aurelianus,
1001 2271 1123 2334 Tacitus

64 2377 101 2433 et
120 2369 295 2448 Florianus,
325 2369 456 2432 diversis
478 2369 579 2430 causis
601 2367 757 2429 interlecti
779 2375 858 2431 sunt.
903 2367 948 2430 lbi
971 2378 1124 2450 postremo

66 2471 187 2534 decima
213 2472 319 2552 plaga,
347 2487 427 2550 qnae
454 2475 486 2530 et
507 2467 673 2529 novissima
695 2468 831 2530 omnium
854 2467 927 2545 luit,
949 2469 1125 2535 interfectio
1181 2511 1185 2516 -

65 2571 219 2648 liliorum,
249 2559 327 2650 quos
348 2570 463 2649 primos
485 2567 601 2648 quique
622 2574 809 2650 genuerant:
833 2566 885 2630 hic
906 2569 1003 2630 nihilo
1026 2573 1126 2634 minus

65 2673 199 2748 decima,
222 2671 253 2732 id
275 2676 323 2733 est
344 2668 510 2731 novissima
532 2685 632 2750 poena
654 2675 702 2732 cst
719 2667 855 2732 omnium
876 2668 1026 2732 idolorum
1048 2691 1124 2750 per-

68 2772 157 2850 ditio,
181 2788 261 2852 quae
282 2769 422 2850 primitus
444 2768 523 2832 lacta
546 2771 578 2832 in
599 2769 705 2850 primis
726 2767 876 2832 amabant.
921 2768 966 2831 lbi
986 2787 1043 2831 rex
1064 2789 1125 2851 po-

68 2874 196 2936 tentiam
211 2871 270 2934 Dei
288 2871 396 2948 sensit,
418 2867 559 2949 probarit
580 2870 744 2947 ettimuit,
768 2887 804 2932 ao
825 2886 881 2950 per
901 2869 960 2932 hoc
982 2871 1128 2952 populum

68 2975 130 3040 Dei
151 2973 282 3054 liberum
304 2970 390 3033 abire
419 2971 572 3048 permisit:
600 2970 651 3032 bic
672 2988 729 3033 rex
751 2970 916 3051 potentiam
939 2970 997 3032 Dei
1014 2973 1127 3052 'sensit

68 3074 211 3156 probavit
232 3079 264 3135 et
285 3070 425 3146 credidit,
447 3087 484 3130 ac
506 3085 561 3148 per
582 3067 641 3130 boc
663 3069 808 3148 populum
823 3070 882 3132 Dei
904 3071 1035 3134 liberum
1059 3091 1128 3136 esse

64 3175 217 3258 permisit
261 3172 307 3235 lbi
329 3185 486 3249 nunqnam
508 3174 614 3248 postea
637 3168 767 3248 populus
794 3168 854 3229 Dei
881 3169 919 3231 ad
948 3174 1128 3236 seruitutem

69 3282 231 3352 retractus,
254 3272 305 3337 bic
326 3287 483 3350 nunquam
505 3276 611 3348 postea
632 3267 762 3349 populus
785 3268 845 3330 Dei
865 3269 903 3332 ad
926 3271 1127 3337 idololatriam

71 3383 197 3440 coactus
226 3382 282 3438 cst.
327 3373 372 3434 lbi
394 3371 617 3452 Aegyptiorum
639 3386 710 3432 vasa
733 3370 866 3449 pretiosa
889 3369 1038 3436 Hebraeis
1060 3381 1127 3438 tra-

72 3481 135 3542 dita
156 3482 244 3544 sunta
268 3474 372 3536 bicin
399 3471 549 3534 ecclesias
577 3469 818 3532 Christianorum
845 3473 1009 3554 praecipua
1038 3473 1127 3550 [536]

71 3595 259 3661 paganorum
282 3574 394 3654 templa
415 3579 584 3636 cesserunt.
630 3571 711 3634 Sene
733 3569 819 3650 illud,
842 3579 877 3634 ut
898 3572 972 3650 dixi,
1003 3574 1128 3640 denun-

74 3679 217 3742 ciandum
239 3682 329 3757 puto,
354 3675 425 3754 quia
447 3675 529 3736 sicut
546 3672 707 3754 Aegyptiis
729 3679 798 3752 post
818 3672 873 3734 has
895 3671 1002 3735 decem
1025 3673 1129 3756 plagas

74 3782 215 3844 dimissos
236 3776 394 3839 Hebraeos
421 3775 565 3855 persequi
594 3772 791 3838 molientibus
822 3772 912 3834 irruit
938 3790 994 3852 per
1014 3790 1129 3854 super-

75 3880 199 3944 ductum
228 3895 312 3940 mare
339 3883 465 3938 aeterna
493 3875 639 3955 perditio:
669 3877 711 3936 ita
739 3881 771 3936 et
797 3888 853 3934 nos
880 3872 1003 3952 quidem
1032 3873 1130 3936 libera

75 3982 308 4064 peregrinantes
330 3973 554 4057 superventura
577 3974 763 4054 quandoque
791 3974 966 4053 persecutia
990 3974 1131 4056 gettlium
1236 4020 1248 4021 ff

354 4108 358 4116 .
922 4088 975 4138 wll
