2634 4434
54 581 147 644 Sane
174 581 255 644 idem
283 579 443 657 blasaeail,
472 580 571 643 elatos
591 599 695 644 rerum
718 581 921 644 secundarum
944 584 1118 664 insolentia,

52 681 237 762 posthabito
259 678 443 744 'sanctorum
477 684 648 761 consortio,
683 700 750 744 cum
786 683 897 762 quihus
930 692 1019 747 antea
1052 687 1118 748 Deo

53 783 198 844 militans
220 783 347 858 vicerat,
371 783 461 842 etiam
485 784 647 845 ecclesiam
665 791 817 844 temerare
832 801 924 847 ausus
945 793 1002 862 est,
1025 794 1118 868 atque

55 902 102 944 ex
126 901 163 944 ea
186 883 332 961 quosdam
356 900 417 942 non
440 883 591 946 dubitavit
613 883 785 945 extrahere.
831 885 941 947 Secuta
958 893 1004 946 est
1019 903 1118 966 poena

55 982 255 1062 sacrilegum.
299 983 372 1043 Nam
396 984 504 1045 iisdem
527 985 742 1064 superstitibus
770 992 862 1064 atque
889 987 1117 1064 insultantibus,

57 1101 141 1165 quos
163 1083 201 1144 ab
223 1081 361 1145 Ecclesia
384 1084 421 1146 ad
444 1101 573 1163 poenam
600 1092 805 1164 protraxerat,
834 1093 902 1164 post
928 1087 1116 1167 aliquantum

56 1192 183 1263 tempus
206 1190 237 1246 et
260 1185 325 1262 ipse
346 1183 432 1245 solus
454 1186 578 1263 punitus
600 1193 662 1247 est:
692 1187 893 1266 probavitque
921 1187 952 1247 in
980 1205 1014 1250 se
1042 1205 1116 1264 nno,

58 1285 100 1346 ad
130 1291 296 1364 utrumque
322 1301 445 1364 semper
472 1285 608 1347 divinum
637 1287 766 1368 vigilare
790 1287 958 1369 judicium:
994 1289 1116 1368 qnando

59 1392 92 1448 et
116 1402 186 1446 cum
208 1386 353 1465 speravit,
376 1386 497 1466 adjutus
519 1393 561 1463 et,
585 1404 654 1448 cum
678 1390 850 1465 contemsit,
874 1389 994 1451 occisus
1017 1397 1072 1451 est.

306 1637 494 1777 caput
550 1639 886 1788 xxxam
1025 1671 1114 1751 [aaa

102 1839 160 1907 De
181 1837 312 1927 Rnffini
334 1848 366 1908 el
387 1840 566 1912 stiliconis
587 1848 732 1911 scelere:
754 1846 835 1910 item
849 1841 1074 1926 Rbudupuieii

124 1945 216 2028 repis
239 1941 452 2029 Gothorum,
479 1949 646 2032 utromodo
669 1947 813 2013 Romam
836 1947 1000 2011 innuerit
1020 1947 1054 2009 et

491 2050 601 2114 victua
625 2049 681 2113 ait.

145 2198 264 2262 interea
288 2220 357 2263 cnm
379 2221 396 2264 a
418 2203 591 2264 Theodosio
612 2202 798 2281 imperatore
821 2202 962 2283 seniore,
984 2199 1114 2280 singulis

57 2301 225 2379 potissimis
241 2301 390 2364 infantum
406 2322 479 2365 cura
494 2309 526 2365 et
541 2301 700 2380 disciplina
716 2302 877 2380 utriusque
900 2300 1002 2379 palatii
1023 2318 1113 2362 com-

58 2402 152 2463 missa
185 2409 284 2478 esset,
317 2402 376 2464 hoc
408 2411 471 2464 est:
504 2401 627 2463 Rullino
650 2399 815 2462 Orientalis
842 2399 945 2476 aulae,
975 2401 1114 2463 Stiliconi

58 2501 269 2562 Occidentalis
298 2504 435 2580 imperii,
464 2503 537 2580 quid
564 2507 696 2580 uterque
725 2502 839 2580 egerit,
874 2501 988 2580 quidve
1021 2518 1114 2581 agere

58 2608 190 2662 conatus
212 2602 268 2674 sit,
292 2602 394 2661 exitus
416 2602 578 2681 utriusque
600 2601 719 2661 docuit:
747 2619 816 2660 cum
839 2601 918 2661 alins
939 2600 1013 2676 sibi,
1036 2600 1115 2662 alins

57 2701 125 2762 lilio
147 2715 205 2760 suo
227 2699 385 2760 adlectans
406 2702 511 2780 regale
533 2701 699 2781 fastigium,
722 2706 756 2761 ut
778 2700 870 2761 rebus
893 2708 1020 2780 repente
1043 2708 1114 2762 tur-

58 2802 141 2879 qatis
168 2803 338 2862 necessitas
364 2789 561 2880 Reipublicae
590 2800 692 2862 scelus
722 2801 852 2862 ambitus
881 2807 1015 2881 tegeret,
1038 2800 1114 2861 bar-

58 2902 150 2963 baras
171 2909 282 2982 gentes
305 2901 358 2962 ille
380 2902 514 2977 immisit,
537 2900 586 2962 hic
610 2899 694 2964 lovit.
733 2902 832 2964 Taceo
848 2903 886 2963 de
902 2903 1024 2962 Alarico
1040 2919 1115 2982 rege

59 3020 131 3064 oum
161 3001 267 3063 Gothis
295 3004 359 3064 sois
386 2993 479 3080 saepe
504 3003 602 3078 vicio,
630 3020 722 3081 saepe
750 3003 896 3064 concluso
932 3020 1115 3082 semperque

61 3105 196 3165 dimisso.
229 3103 329 3164 Taceo
351 3103 390 3164 de
412 3101 590 3163 infelicibus
611 3100 700 3161 bellis
722 3102 801 3181 apud
817 3103 991 3163 Pollentiam
1008 3106 1115 3183 gestis,
1176 3155 1181 3162 .

62 3222 157 3284 quum
180 3203 309 3265 barbaro
333 3209 364 3264 et
386 3219 504 3283 pagano
526 3202 608 3276 duci,
631 3185 690 3262 hoc
713 3208 774 3262 est:
800 3201 893 3278 Sauli,
911 3202 983 3262 belli
999 3221 1115 3264 somma

61 3305 222 3366 commissa
256 3312 318 3366 est:
357 3306 444 3385 cujus
478 3302 952 3383 improbitate'reverendissimi
986 3302 1052 3365 dics
1085 3311 1116 3365 et

61 3411 199 3469 sanctum
233 3404 345 3466 Pascha
378 3404 524 3464 violatum
559 3410 621 3478 est,
659 3403 844 3483 cedentique
881 3402 961 3463 hosti
993 3411 1117 3484 propter

62 3507 255 3587 religionem,
278 3512 313 3565 ut
328 3512 488 3585 pugnaret,
505 3510 656 3564 extortum
679 3511 742 3564 est:
768 3522 836 3564 enm
854 3505 989 3584 quidem,
1005 3511 1115 3566 osten-

64 3607 156 3669 dente
178 3608 210 3684 in
234 3606 320 3666 brevi
344 3583 464 3684 pulani
485 3604 558 3680 uei,
585 3611 617 3664 a
645 3605 718 3683 qum
748 3603 834 3665 lavor
861 3605 927 3683 ejus
957 3611 1059 3683 posset
1086 3613 1117 3667 et

65 3707 139 3786 quid
160 3707 237 3768 ultio
260 3707 415 3786 exigeret,
445 3711 615 3783 pugnantes
637 3706 784 3779 vicinius,
806 3706 939 3765 victores
961 3704 1035 3764 victi
1057 3722 1116 3766 su-

66 3825 140 3869 mus.
176 3807 275 3870 'laceo
298 3807 336 3870 de
359 3807 493 3887 ipsorum
515 3803 598 3865 inter
619 3822 653 3882 se
677 3805 874 3866 harbarorum
895 3804 1012 3863 crebris
1034 3805 1116 3866 dila*

67 3907 282 3985 cerationibus,
305 3925 374 3969 cum
397 3925 431 3968 se
454 3904 587 3966 invicem
606 3903 772 3965 Gothorum
796 3904 887 3964 cunei
910 3903 982 3980 duo,
1005 3904 1117 3967 deinde
1163 3945 1165 3950 .

68 4009 156 4072 Alani
178 4005 271 4088 atque
294 4006 397 4068 llunni
425 4006 518 4067 variis
546 4004 692 4068 caedibus
720 4003 948 4084 populabantur.
993 4003 1116 4066 Rhoda·
1196 3997 1198 4002 ’
