2634 4434
674 316 746 384 tto

606 413 813 424 -...—..-.---

183 566 276 638 atque
299 573 339 616 ex
361 571 400 615 eo
420 553 535 633 vigiliis
556 551 666 613 anxios
689 550 763 613 alias
786 548 881 626 forte,
910 564 986 626 quas
1008 547 1172 627 aliqnando
1194 567 1238 624 ex

182 653 403 720 ardentissimis
435 652 573 714 febribus
607 652 660 713 diu
692 650 853 726 sustinuit,
891 649 1011 729 vigilias
1043 648 1237 726 recordetur,

182 752 398 839 proculdubio
415 752 620 831 impatientius
636 750 716 813 seret
732 752 857 812 istarum
864 748 1130 829 inquietudinem,
1144 767 1237 828 quam

104 885 108 896 ·
182 858 302 920 illarum
324 851 578 914 recordationem.
622 850 683 913 Sed
706 851 844 930 quamvis
867 850 946 930 apud
969 849 1103 910 omnium
1125 866 1237 912 sensus

182 974 237 1039 pro
260 961 350 1034 captu
373 960 541 1030 temporum
565 951 605 1010 ita
629 951 727 1011 videri
751 958 853 1030 queat,
877 948 1024 1029 numquid
1048 955 1149 1011 tamen
1170 949 1236 1011 ali-

183 1059 253 1138 quis
275 1055 397 1130 existet,
421 1052 475 1131 qui
496 1051 547 1112 vel
563 1051 595 1110 in
611 1051 675 1128 ipsa
692 1052 846 1112 anxietate
861 1050 1054 1130 pronunciet,
1076 1051 1238 1130 graviores

182 1157 300 1237 pulices
323 1169 392 1215 esse
415 1169 505 1230 quam
528 1147 652 1213 febres?
674 1157 727 1212 aut
742 1149 883 1212 acerbius
898 1151 1036 1229 accipiat,
1056 1167 1090 1212 se
1106 1149 1237 1231 vigilare

183 1274 302 1336 sanum,
324 1271 414 1333 quam
438 1251 571 1312 dormire
595 1267 655 1311 non
680 1251 815 1330 potuisse
838 1251 1039 1320 moriturum?
1063 1251 1150 1324 Quae
1165 1269 1236 1312 oum

184 1357 225 1418 ita
251 1356 330 1432 sint,
358 1351 497 1414 delicatis
526 1351 592 1411 istis
615 1358 646 1411 et
668 1351 806 1430 querulis
829 1353 941 1412 nostris
962 1358 1131 1430 utcumque
1153 1368 1235 1412 con-

184 1456 278 1531 cedo,
305 1461 340 1514 ut
365 1453 458 1530 baec,
486 1450 599 1532 quibus
626 1469 724 1532 nuno,
751 1451 823 1531 quia
850 1451 896 1525 sip
918 1453 1057 1530 expedit,
1081 1451 1235 1514 interdum

161 1556 393 1630 admonemur,
416 1552 578 1614 sentiendo
598 1553 705 1633 gravia
725 1559 850 1630 putent;
874 1559 1050 1613 nontamen
1071 1543 1236 1627 conniveo,

183 1663 218 1716 nt
239 1656 330 1716 etiam
353 1653 495 1715 adserant
517 1652 719 1732 comparando
741 1655 891 1734 graviora.
925 1653 1186 1726 Quemadmodum
1209 1654 1236 1713 si

184 1757 286 1836 quise
302 1753 487 1828 mollissimis
501 1755 603 1821 stratis
618 1753 824 1841 cubiculoque
838 1753 1053 1832 percommodo
1069 1753 1236 1824 matutinus

183 1855 358 1936 egrediens,
381 1861 532 1926 nocturno
553 1853 628 1934 gelu
650 1853 826 1924 lacunarum
850 1853 938 1924 dorsa
958 1852 1134 1934 obriguisse
1157 1853 1235 1918 ter-

182 1955 301 2033 basque
323 1952 498 2014 incanuisse
520 1954 710 2032 prospiceret
732 1957 763 2011 et
785 1952 941 2031 inopinato
963 1954 1033 2014 visu
1061 1953 1237 2030 admonitus

185 2048 271 2134 [213]
300 2054 433 2131 diceret,
462 2051 559 2133 frigus
587 2057 634 2118 ost
660 2049 768 2125 hodie;
792 2049 846 2113 bio
864 2050 938 2113 mibi
960 2069 1154 2134 nequaquam
1176 2071 1237 2114 re-

182 2152 420 2234 prehendendus
442 2151 609 2225 videretur,
633 2150 704 2227 quia
719 2149 770 2210 vel
786 2151 939 2212 communi
956 2169 1025 2231 usu,
1046 2155 1098 2216 vol
1112 2155 1238 2234 proprio

182 2271 277 2317 sensu
298 2253 419 2315 locutus
441 2256 531 2311 esset.
575 2247 615 2308 At
636 2249 664 2310 si
692 2250 827 2328 trepidus
856 2250 887 2311 in
917 2250 1092 2314 cubiculum
1120 2271 1237 2315 recur-

183 2372 265 2431 rens,
288 2353 451 2426 stratisquc
465 2362 535 2420 sese
551 2345 745 2426 adoperiens,
767 2349 929 2435 helmegis
944 2349 1069 2428 abdens,
1090 2352 1240 2414 clamaret

182 2461 298 2517 tantum
321 2448 445 2512 omnino
467 2444 565 2528 lrigus
587 2463 667 2526 esse,
691 2456 837 2536 quantum
861 2437 919 2512 nec
941 2452 971 2512 in
989 2450 1152 2529 Apennino
1175 2453 1240 2513 ali-

183 2552 305 2634 qnando
326 2547 432 2626 tuerit,
453 2566 523 2611 cum
546 2549 680 2624 Annibal
704 2549 894 2630 elephantos,
909 2567 1023 2630 equos,
1051 2551 1236 2630 plurimam-

182 2671 244 2734 que
266 2648 422 2717 exercitus
443 2651 493 2711 sui
514 2657 642 2728 partem,
664 2650 787 2721 nivibus
810 2648 932 2722 clausus
954 2657 1047 2729 atque
1069 2669 1237 2731 oppressus

181 2748 300 2821 arnisit;
323 2746 405 2808 buno
420 2763 479 2828 ego
494 2747 665 2826 puerilibus
679 2749 814 2820 licentiis
830 2757 1040 2827 nauseantem,
1063 2769 1125 2820 non
1143 2751 1235 2820 modo

182 2849 335 2910 dicentem
358 2849 415 2910 ista
445 2864 507 2909 non
534 2846 664 2934 semein,
691 2849 745 2910 sed
768 2849 859 2910 etiam
883 2849 921 2924 ab
943 2850 1016 2930 ipsis
1038 2853 1154 2929 stratis,
1176 2853 1235 2914 otii

181 2947 231 3010 sui
254 2945 398 3022 testibus,
422 2947 454 3007 in
476 2947 620 3026 populum
642 2946 862 3027 publicumque
884 2949 1108 3030 protraherem:
1139 2953 1234 3032 eique
1304 2951 1307 2958 '

181 3044 264 3114 toras
285 3045 434 3125 producto
456 3045 589 3115 infantes
612 3048 643 3110 in
667 3065 707 3116 eo
727 3055 821 3129 atque
843 3068 883 3112 ex
912 3067 950 3112 eo
977 3050 1052 3131 gelu
1078 3051 1232 3130 ludentes,

176 3133 385 3227 jucundantes
403 3146 612 3230 sudantesque
628 3154 844 3225 monstrarem
868 3157 903 3212 nt
922 3150 1053 3224 uerbosa
1073 3152 1233 3232 nugacitas

181 3246 320 3310 delicatis
349 3246 454 3315 vitiata
486 3248 681 3313 nutrimentis
714 3265 776 3312 non
808 3250 840 3316 in
874 3257 1011 3330 tempore
1042 3251 1234 3330 violentiam,

181 3345 236 3413 sed
263 3347 294 3405 in
321 3363 357 3407 se
383 3364 452 3411 esse
481 3348 643 3430 segnitiam
672 3347 850 3412 doceretur:
886 3356 917 3412 et
945 3350 977 3418 in
1005 3353 1234 3432 comparatione

180 3461 283 3509 rerum
313 3443 522 3525 dijudicanda,
552 3465 613 3510 non
644 3449 775 3530 majores
803 3467 895 3528 parva
924 3449 1085 3530 tolerasse,
1114 3452 1170 3516 sed
1196 3469 1233 3517 se

181 3561 241 3609 neo
261 3560 353 3631 parva
380 3545 512 3612 tolerare
537 3546 683 3610 sulficere
710 3547 898 3628 probaretur.
944 3550 1031 3627 Onod
1055 3535 1234 3622 euidentius

181 3643 254 3724 ipsis
282 3643 314 3704 in
343 3646 519 3714 memoriam
547 3646 697 3710 revolutis
729 3649 962 3728 praeteritorum
999 3651 1137 3718 cladibus
1170 3652 1231 3716 ad-

179 3742 332 3823 probabo,
361 3744 466 3825 Pyrrhi
494 3745 576 3807 bello
604 3747 636 3807 in
663 3746 785 3825 primis,
808 3747 888 3814 sicut
909 3749 985 3816 ordo
1007 3759 1069 3830 est,
1092 3753 1231 3832 prodito:

180 3844 269 3923 cujus
290 3861 383 3906 causa
405 3850 437 3904 et
457 3843 546 3922 origo
568 3843 644 3908 baec
666 3843 734 3908 fuit.
