2634 4434
708 309 758 380 5²1

207 555 273 619 sole
300 553 414 615 bellum
443 549 539 613 fuisso
567 550 779 628 commissum,
807 549 840 610 in
868 548 940 612 lisia
970 550 1147 615 meridianis
1174 553 1254 616 boris

207 657 265 720 sub
287 653 395 718 codem
417 653 478 730 dic,
501 653 593 713 tantis
615 651 721 730 spatiis
743 650 835 712 maris
857 658 1021 733 terraeque
1042 653 1253 734 interjacenti-

205 758 279 833 bus,
307 753 494 816 nunliatuml
522 753 572 813 cui
599 751 716 812 rumori
737 749 789 812 vel
811 752 942 814 maxime
964 753 1178 833 adstipulatum
1200 763 1254 834 cst,

205 858 289 938 quod
304 856 427 931 Persas,
442 853 544 916 audita
559 851 663 914 clades
676 851 847 929 sociorum,
861 853 992 932 primum
1008 853 1131 932 dolore,
1147 856 1255 918 debinc

204 956 419 1036 desperatione
451 961 625 1034 correptos,
658 969 719 1014 nec
749 951 833 1014 bello
864 954 1040 1034 expeditos,
1074 972 1133 1018 nec
1165 955 1255 1038 fugae

204 1056 323 1120 habiles
354 1053 495 1116 reddidit.
553 1052 657 1133 Atque
694 1052 737 1114 ita
770 1060 981 1116 consternatos
1018 1056 1255 1140 profligatosque

204 1156 394 1220 constantior
415 1153 513 1216 iactus
527 1153 623 1215 hostis
638 1169 786 1215 successu
806 1152 962 1216 felicitatis
980 1156 1101 1219 invasit
1138 1157 1255 1220 Xerxes

203 1257 286 1318 bello
308 1257 341 1317 in
364 1253 491 1317 Graecia
514 1251 681 1316 inlelieiter
701 1261 800 1335 gesto,
824 1255 1041 1319 contemtibilis
1063 1259 1128 1320 suis
1147 1256 1253 1337 iactus,

203 1375 259 1436 per
280 1355 486 1432 Artabanum,
514 1352 705 1434 praelectum
727 1371 833 1432 snum,
856 1355 898 1421 in,
909 1355 995 1436 regia
1016 1359 1254 1435 circumventas,

204 1455 363 1518 occiditur.
398 1455 424 1516 Ο
447 1462 582 1536 tempora
605 1455 758 1518 desiderio
780 1460 812 1515 et
832 1456 1047 1518 recordatione
1062 1459 1254 1538 dignissima!

204 1553 230 1617 0
264 1555 330 1617 dies
361 1554 430 1616 illos
463 1554 631 1618 inoffensae
664 1554 855 1633 serenitatis,
892 1557 946 1636 qui
982 1557 1071 1626 nobis
1107 1558 1204 1620 veluti
1236 1581 1254 1622 e
1309 1568 1310 1571 ’

203 1654 340 1720 lencbris
367 1655 552 1736 respiciendi
579 1661 807 1736 proponuntur,
835 1656 964 1735 quibus,
992 1656 1174 1720 brevissimo
1199 1661 1253 1721 in-

201 1754 348 1833 tervallo,
381 1756 420 1818 de
447 1754 619 1818 visceribus
641 1756 734 1816 unius
755 1756 844 1836 regni
868 1756 971 1816 decies
993 1757 1101 1816 novies
1123 1767 1254 1822 cenlena

201 1855 295 1916 millia
318 1857 469 1935 virorum,
492 1856 589 1919 tribus
611 1855 758 1934 proximis
780 1853 922 1934 regibus,
951 1855 1007 1915 iria
1034 1855 1114 1918 bella
1136 1877 1253 1940 rapue-

153 1957 157 1971 ‘
201 1962 285 2017 runi:
306 1963 341 2016 ut
363 1963 478 2018 taceam
502 1956 540 2018 de
563 1951 773 2016 infelicissima·
796 1959 869 2014 tunc
893 1951 1031 2032 Graecia,
1054 1973 1134 2037 quae
1157 1965 1254 2022 totum

201 2053 293 2133 hunc,
316 2057 355 2118 de
378 2074 439 2137 quo
461 2071 544 2116 nuno
566 2051 771 2130 hebescimus,
795 2070 955 2115 numerum
979 2055 1139 2118 moriendo
1154 2077 1253 2140 snpe-

201 2151 286 2239 [118]
318 2158 404 2220 ravit.
448 2152 615 2227 Leonidas,
638 2150 691 2214 ille
718 2152 904 2219 clarissimus
929 2153 1253 2238 Lacedaemoniorum,

198 2257 232 2318 in
253 2256 335 2320 bello
358 2257 416 2318 islo
438 2253 585 2314 adversus
605 2251 751 2333 Xerxem,
778 2255 860 2336 quod
881 2273 1057 2336 supremum
1078 2257 1137 2336 ipsi
1158 2267 1254 2340 atque

197 2354 337 2418 hostibus
351 2352 419 2428 luit,
438 2369 506 2413 oum
522 2354 679 2416 sexcentis
693 2357 758 2418 suis
773 2354 973 2420 famosissima
987 2356 1040 2420 illa
1055 2358 1253 2424 incitamenta

198 2454 339 2518 dixisset:
385 2448 574 2530 Prandelc,
603 2455 777 2538 inmercum
798 2458 894 2540 apud
912 2453 1043 2542 mseras
1064 2463 1253 2542 coeamus-s,

197 2551 397 2616 auxiliaribus
424 2561 543 2630 tamen,
577 2571 655 2634 quos
681 2556 835 2621 excedere
856 2557 939 2622 bello
957 2557 1100 2638 jubebat,
1123 2563 1252 2625 miseri·

197 2652 331 2716 corditer
365 2654 476 2731 suasit,
513 2659 547 2716 ut
578 2669 614 2716 se
645 2656 685 2717 ad
718 2655 844 2720 meliora
877 2665 1013 2738 tempora
1043 2672 1251 2725 reservarent.

195 2751 278 2816 Ecce
299 2772 368 2817 cum
390 2755 444 2816 ille
465 2755 605 2832 promisit
623 2754 878 2836 luturamelicra,
900 2759 951 2821 isti
966 2768 1107 2822 asserunt
1121 2763 1252 2827 meliora

194 2855 377 2932 praeterita,
405 2854 479 2934 quid
501 2854 712 2936 aliudcolligi
732 2857 836 2935 datur,
859 2865 991 2939 auoque
1012 2861 1045 2923 in
1065 2863 1131 2924 suis
1153 2863 1250 2926 dete-

182 2951 295 3016 ‘stanle
317 2954 506 3032 praesentia,
529 2955 589 3016 nisi
611 2962 665 3017 aut
686 2972 808 3037 semper
829 2955 909 3023 bona
932 2977 1017 3040 esse,
1039 2963 1094 3026 sed
1117 2963 1250 3046 ingrata,
1308 2984 1309 3037 3

193 3059 247 3115 aui
267 3069 433 3135 numquam
455 3056 580 3118 omnino
603 3055 751 3120 meliora?
1308 3046 1309 3083 ³

538 3308 737 3450 daput
788 3309 896 3421 xli

190 3507 302 3577 Romo
324 3515 425 3596 provi
447 3487 658 3602 pestilentia,
691 3517 787 3583 bellis
813 3518 1038 3599 intermissis,
1066 3521 1250 3596 becacio.

231 3609 288 3678 De
309 3611 393 3680 bello
414 3620 575 3688 exsulum
596 3619 631 3682 el
645 3611 878 3704 ficpiboorum,
899 3621 978 3691 dem
998 3618 1204 3704 Aequorum

573 3719 609 3782 et
642 3713 853 3786 Voaoaam.
1307 3724 1308 3727 ’

273 3864 313 3928 At
334 3866 463 3943 Romae,
485 3874 520 3928 ut
549 3867 586 3930 ad
615 3869 646 3930 id
673 3875 794 3952 tempus
819 3873 943 3938 redeam
971 3875 1054 3940 unde
1080 3875 1248 3958 digressus
1307 3876 1308 3963 l

186 3979 268 4026 sum:
298 3964 414 4047 (nequa
442 3967 524 4027 anim
553 3967 716 4032 intervallo
738 3973 929 4039 miseriarum
946 3974 986 4038 ad
1007 3972 1084 4039 alios
1106 3979 1247 4042 transire
1307 3982 1308 4001 ³
