2634 4434
588 325 594 338 ’
695 368 770 437 mo

629 467 836 479 .-.-.--·-

206 655 292 739 quq
548 616 756 771 ·bopub
807 553 901 722 XV.

247 839 304 906 De
336 838 419 904 betto
452 839 556 920 cicili,
588 839 681 922 quod
711 812 990 903 mamhesimunr
1017 828 1153 899 caesar
1184 838 1220 899 et

525 938 710 1022 Pompejua
740 940 936 1021 peccarunt.

289 1109 364 1172 Nam
385 1109 509 1190 rediens
533 1110 646 1171 Caesar
668 1108 766 1170 victor
788 1126 828 1170 ex
850 1104 946 1168 Gallia
969 1105 1095 1167 decerni
1117 1104 1176 1165 sibi
1199 1104 1256 1165 ab·

207 1212 286 1275 senti
302 1210 429 1272 alterum
447 1209 637 1271 consulatum
654 1211 802 1289 poposcit.
836 1206 1063 1268 Contradietum
1079 1212 1127 1266 est
1142 1224 1159 1265 a
1174 1204 1256 1265 blar-

207 1312 286 1375 cello
313 1310 440 1372 consule
467 1310 624 1370 adnitente
651 1310 812 1388 Pompeio,
840 1306 952 1369 deinde
981 1306 1140 1366 decretum
1168 1312 1258 1366 csta

208 1412 339 1487 Senatu,
368 1416 404 1470 ut
429 1410 462 1470 in
490 1409 602 1471 Urbem
632 1409 744 1471 Caesar
771 1425 834 1470 non
868 1407 928 1479 nisi
960 1406 1085 1466 dimisso
1119 1407 1257 1466 exercitu

205 1511 328 1573 venirat
355 1516 387 1569 et
414 1526 454 1569 cx
486 1507 621 1571 Marcelli
654 1509 790 1572 consulis
822 1508 1004 1569 auctoritate
1036 1504 1074 1565 ad
1109 1505 1257 1585 legiones,

207 1628 286 1692 quae
309 1608 389 1689 apud
410 1605 569 1669 Luceriam
593 1616 694 1686 erant,
723 1610 883 1689 Pompeius
905 1626 974 1669 curn
997 1606 1125 1685 imperio
1150 1607 1259 1666 missus

208 1718 263 1774 est.
309 1708 420 1771 Caesar
445 1707 621 1771 Ravennam
649 1727 719 1772 sese
748 1709 884 1771 contulit.
928 1706 965 1768 Μ.
989 1706 1142 1767 Antonius
1170 1714 1202 1766 et
1224 1707 1256 1778 0.

208 1812 329 1873 Cassius
357 1808 472 1870 tribuni
501 1810 598 1889 plebis
626 1828 681 1890 pro
711 1809 841 1871 Caesare
874 1807 1119 1883 intercedentes,
1156 1808 1256 1867 inter-

207 1912 329 1972 dicente
350 1908 481 1969 Lentulo
509 1910 635 1972 consule
664 1910 748 1971 curia
777 1908 907 1987 loroque
929 1906 1089 1987 prohibiti,
1113 1906 1152 1966 ad
1175 1905 1256 1966 Cae-

206 2026 304 2071 sarem
328 2007 457 2087 proiecti
479 2016 561 2084 sunt,
586 2010 719 2069 Curione
734 2008 825 2068 simul
840 2007 1009 2086 Caelioque
1031 2006 1257 2067 comitantibus.

207 2107 332 2183 Caesar,
354 2105 513 2167 Rubicone
542 2106 668 2203 dpnrine
696 2113 897 2184 transmeato,
926 2123 998 2167 mox
1025 2112 1059 2167 ut
1085 2105 1259 2165 Ariminum

205 2209 306 2283 venit,
341 2207 479 2286 quinque
512 2206 669 2284 cohortes,
704 2224 778 2286 quas
802 2214 875 2268 tunc
902 2207 982 2268 solas
1012 2204 1159 2282 habebat,
1188 2224 1259 2267 cum

206 2307 333 2389 quibus,
363 2305 408 2386 (ut
433 2308 475 2367 ait
501 2308 619 2383 Livius)
648 2305 752 2368 orbem
780 2314 929 2368 terrarum
952 2306 1075 2369 adortus
1097 2313 1160 2383 est,
1184 2307 1259 2385 quid

205 2406 286 2471 lacto
309 2423 385 2486 opus
408 2413 490 2467 esset
512 2407 643 2469 edocuit.
688 2407 858 2486 Deplorans
881 2409 1007 2488 injurias
1029 2424 1111 2483 suas,
1134 2424 1259 2467 causam

205 2506 279 2569 belli
301 2506 411 2582 civilis,
434 2522 488 2587 pro
510 2507 710 2570 restituendis
732 2508 764 2569 in
784 2510 910 2588 patriam
926 2507 1056 2569 tribunis
1072 2524 1141 2568 esse
1157 2514 1260 2568 testa-

205 2614 254 2667 tus
278 2614 339 2669 est:
376 2605 450 2665 lnde
473 2624 528 2685 per
548 2606 716 2669 Antonium
740 2616 856 2689 septem
885 2608 1041 2685 cohortes,
1070 2626 1150 2687 quac
1178 2607 1259 2685 apud

206 2704 382 2768 Sulmonem
414 2705 625 2784 morabantur,
647 2725 665 2767 a
687 2708 831 2769 Lucretio
858 2710 991 2788 recepit,
1020 2714 1083 2769 tres
1105 2708 1258 2789 legiones,

205 2823 285 2885 quae
307 2822 376 2867 cum
398 2804 532 2866 Domitio
554 2806 633 2884 apud
657 2806 822 2869 Corfinium
850 2808 1060 2885 morabantur,
1090 2808 1128 2868 ad
1156 2814 1257 2887 partes

204 2921 274 2967 suas
297 2905 437 2966 traduxit.
474 2904 639 2981 Pompeius
656 2913 750 2984 atque
770 2908 868 2968 omnis
888 2915 1022 2983 senatus,
1045 2907 1257 2968 crescentibus
1315 2923 1316 2932 ¹

205 3003 343 3063 Caesaris
364 3001 483 3063 viribus
506 3002 626 3080 trepidi,
650 3010 802 3084 tamquam
824 3005 909 3068 ltalia
932 3007 1022 3087 pulsi,
1045 3008 1076 3067 in
1097 3006 1256 3068 Graeciam
1314 3056 1315 3071 t

204 3102 385 3178 transvecti,
422 3100 622 3181 Dyrrachium
656 3105 785 3184 gerendi
817 3106 891 3169 belli
924 3108 1030 3169 sedem
1063 3107 1255 3188 delegerunt.
1314 3089 1315 3126 ³

204 3201 316 3263 Caesar
330 3201 454 3263 Romam
477 3205 572 3279 venit,
595 3210 799 3285 negatamque
818 3207 877 3269 sibi
900 3226 940 3269 ex
959 3208 1078 3268 aerario
1093 3208 1255 3285 pecuniam
1313 3241 1314 3276 2

203 3300 307 3362 sractis
329 3300 446 3363 loribus
469 3303 600 3381 invadit,
627 3304 815 3384 protulitque
837 3326 877 3369 ex
899 3324 937 3367 eo
959 3308 1026 3367 auri
1048 3306 1150 3385 pondo
1173 3324 1253 3385 qua—

202 3406 273 3461 tuor
295 3399 377 3461 mille
400 3408 522 3462 centum
546 3404 670 3484 triginta
698 3406 851 3484 quinque,
880 3407 1000 3487 argenti
1029 3405 1131 3485 pondo
1161 3423 1254 3485 prope

205 3493 294 3571 [tto]
317 3507 472 3578 nongenta
496 3502 596 3564 millia.
633 3504 708 3565 lnde
731 3505 887 3586 digressus
903 3507 1074 3568 Ariminum
1090 3506 1129 3567 ad
1149 3506 1254 3585 legio·
1311 3485 1313 3584 l

202 3614 269 3675 nes,
292 3615 363 3658 mox
385 3596 479 3677 Alpes
501 3608 693 3665 transvectus
715 3602 876 3666 Massiliam
899 3607 995 3683 venit,
1017 3606 1055 3667 ad
1079 3624 1170 3685 quarn
1193 3623 1254 3685 op-

200 3697 404 3778 pugnandam,
428 3718 496 3760 cum
520 3710 662 3781 receptus
684 3720 745 3763 non
769 3713 861 3783 esset,
877 3706 1054 3768 'l'rihonium
1070 3725 1140 3767 curn
1156 3705 1254 3767 tribus
1310 3661 1311 3736 l

200 3796 375 3880 legionibus
390 3798 579 3878 relinquens,
602 3801 639 3862 ad
655 3800 815 3880 Hispanias
830 3808 998 3884 contendit,
1018 3823 1093 3886 quas
1107 3806 1139 3867 L.
1156 3804 1252 3867 Afra·
1309 3797 1310 3890 l

201 3893 271 3953 nius
293 3902 324 3955 et
346 3894 384 3957 hl.
413 3895 549 3957 Petreius
577 3905 609 3958 et
634 3898 673 3959 M.
701 3899 812 3980 Varro,
839 3904 1016 3985 Pompeiani
1042 3906 1155 3983 duces,
1184 3924 1252 3967 cum

199 3990 374 4069 legionibus
397 3994 582 4058 obtinebant.
626 3999 672 4060 lbi
694 4000 797 4063 multis
823 4003 947 4083 praeliis
972 4005 1126 4068 Petreium
1155 4004 1251 4068 Alra-
1308 3965 1309 4040 l
