2634 4434
713 310 762 378 44

635 409 842 421 —nn——n-

210 542 338 606 Romani
364 541 596 605 consulendum
630 541 690 604 sibi
723 560 814 623 quam
847 543 990 624 cuiquam
1023 548 1101 606 suae¹
1130 543 1256 608 ldrertatl

210 643 426 706 dominandum
462 643 537 724 rati,
572 641 717 704 eonsules
754 651 953 705 creaveruntz
1000 643 1130 723 quibus,
1167 647 1256 709 veluti

209 741 312 806 adulta
346 742 537 823 reipublicae
573 739 742 804 ere'scentis
778 750 878 822 aetas,
919 743 1145 808 robustioribus
1180 747 1256 808 ansis

210 842 420 905 exercebatur.

210 1089 274 1177 [96]
588 1060 786 1199 baput
829 979 883 1169 il.

93 1304 96 1310 ·
211 1275 315 1344 Bruti
340 1280 444 1362 primi
466 1275 568 1346 COS.
591 1277 760 1366 facinora.
806 1280 1113 1365 Tarquiniensium
1135 1286 1168 1347 et
1188 1281 1258 1349 So-

208 1376 364 1444 binorum
387 1378 519 1446 bellum.
562 1379 742 1449 Discessio
767 1383 885 1466 plebis.
928 1376 1061 1446 Fames
1088 1386 1123 1448 et
1148 1387 1260 1468 pesti-

207 1477 312 1544 lentia
326 1481 447 1564 inpane
461 1479 600 1547 Romae.
638 1482 816 1566 Vq'entum
831 1488 865 1549 et
880 1483 1114 1550 Etruseorum
1130 1484 1261 1568 bellum,

400 1601 466 1665 qno
485 1581 616 1666 familia
637 1585 696 1651 itta
717 1583 907 1653 Fabiorum
929 1583 1073 1665 interiit.¹
1136 1579 1144 1592 “
1190 1671 1195 1678 U

290 1748 382 1810 Anno
404 1758 472 1830 post
493 1751 604 1816 Urbem
632 1755 785 1816 conditam
813 1753 960 1815 CCXLlV.
987 1751 1116 1828 Brutus,
1144 1754 1263 1831 primus

206 1849 287 1929 apud
309 1849 460 1912 Romanos
486 1853 610 1932 consul,
633 1855 764 1935 primum
786 1853 975 1915 conditorem
998 1867 1168 1930 regemque
1191 1853 1264 1914 llo-

207 1966 285 2027 mae,
308 1967 370 2010 non
391 1951 489 2012 solum
513 1971 688 2035 exaequare
709 1951 883 2032 parricidio,
905 1949 960 2011 sad
983 1955 1015 2010 et
1036 1949 1164 2012 vincere
1186 1959 1263 2014 stu-

206 2049 288 2126 duit,
325 2051 437 2130 quippe
473 2052 550 2116 duos
585 2053 664 2114 lilios
696 2066 769 2112 suos
801 2049 1031 2127 adolescentes,
1067 2050 1265 2133 totidemque

205 2151 311 2212 uxoris
338 2167 412 2212 suae
440 2150 565 2230 iratres,
598 2149 737 2212 Vitellios
770 2150 916 2230 juvenes,
949 2149 1192 2210 revocandorum
1228 2141 1264 2214 in

205 2248 317 2312 Urbem
339 2268 446 2332 regum
469 2252 580 2332 placito
602 2249 810 2326 insimulatos,
840 2250 872 2310 in
894 2248 1075 2310 concionem
1098 2253 1264 2330 protraxit,

205 2351 300 2432 virgis
323 2352 450 2429 cecidit,
478 2349 642 2426 securique
664 2351 824 2428 percussit.
867 2348 937 2430 lpse
957 2348 1071 2411 deinde
1093 2349 1265 2430 Vejenlum

205 2451 533 2530 tarquiniensiumque
561 2445 653 2524 bello,
677 2466 747 2510 cum
769 2448 899 2528 Arunte,
923 2448 1055 2527 Superbi
1077 2449 1151 2527 lilio,
1174 2467 1264 2512 con-

120 2569 127 2582 *
204 2568 312 2632 gresso
334 2553 393 2614 sibi
415 2554 678 2626 commortuoque,
698 2549 869 2629 procubuit.
913 2550 1046 2611 Porsena
1061 2548 1127 2611 llex
1141 2549 1264 2613 Etrus-

203 2667 325 2730 corum,
353 2647 553 2732 gravissimus
580 2650 661 2730 regii
683 2649 815 2711 nominis
837 2648 1035 2730 suffragator,
1056 2650 1267 2730 Tarquinium

156 2745 159 2750 '
203 2768 296 2813 manu
328 2752 490 2829 ingerens,
526 2748 625 2810 tribus
658 2749 814 2811 continuis
846 2751 934 2812 annis
966 2750 1114 2830 trepidam
1147 2749 1269 2812 urbem

203 2846 273 2932 [9ἶ[
294 2849 418 2926 terruit,
439 2849 606 2925 conclusit,
630 2847 765 2912 obsedit:
790 2857 822 2911 et
843 2851 903 2910 nisi
924 2848 1044 2912 bostem
1065 2849 1117 2911 vel
1136 2847 1269 2913 blucius

203 2947 355 3013 constanti
377 2949 514 3011 urendae
537 2967 644 3011 manus
666 2950 829 3030 patientia,
856 2949 908 3013 vel
934 2951 1024 3032 virgo
1053 2948 1170 3011 Cloelia
1196 2950 1269 3011 ad-

203 3047 334 3114 mirabili
356 3048 532 3112 transmeati
554 3048 689 3112 llumiuis
710 3049 837 3112 audacia
855 3053 1094 3131 permovissent3
1116 3047 1270 3130 proiecto

202 3148 330 3211 Romani
358 3149 507 3229 compulsi
535 3150 666 3214 luissent
691 3151 810 3231 perpeti
838 3156 892 3212 aut
918 3151 1140 3230 captivitatem,
1168 3149 1272 3212 boste

203 3249 365 3312 insistente
392 3252 544 3329 superati:
572 3259 625 3314 aut
649 3251 830 3314 servitutem
857 3257 984 3330 recepto
1009 3268 1086 3330 rege
1113 3248 1270 3329 subjecti.

201 3348 273 3410 Post
294 3349 370 3412 haec
392 3351 498 3414 Sabini
521 3355 650 3416 corrasis
673 3352 812 3432 undique
834 3351 948 3432 copiis,
977 3367 1088 3432 magno
1110 3349 1275 3429 adparatu

202 3447 293 3527 belli,
325 3450 449 3513 Romam
483 3454 688 3516 contenduntr
723 3468 785 3532 quo
812 3456 896 3512 metu
918 3450 1106 3512 constemati
1126 3447 1276 3511 Romani

203 3549 380 3612 dictatorem
414 3559 534 3630 creant,
567 3555 656 3634 cujus
688 3550 853 3613 auctoritas
879 3557 912 3614 ot
936 3550 1073 3630 potentia
1095 3549 1278 3612 consulem

202 3651 350 3732 praeiret:
376 3669 454 3730 quae
476 3669 537 3733 res,
559 3652 591 3713 in
614 3651 667 3712 illo
691 3657 763 3712 tune
778 3649 860 3711 bello
875 3651 1039 3730 plurimum
1054 3649 1279 3712 emolumenti

201 3752 278 3815 tulit.
314 3751 462 3831 Sequitur
484 3752 632 3812 discessio
654 3749 753 3829 plebis
773 3751 959 3830 apatribus,
992 3767 1062 3812 cum
1078 3748 1115 3811 bl.
1131 3748 1281 3813 Valerio

201 3851 349 3914 dictatore
372 3851 526 3912 delectum
548 3849 678 3910 militum
701 3856 824 3937 agente,
847 3852 940 3913 variis
963 3849 1093 3930 populus
1107 3847 1278 3913 stimula-

199 3959 249 4016 tus
264 3951 397 4034 injuriis,
420 3947 547 4013 Sacrum
562 3955 697 4012 montem
713 3950 826 4012 insedit
844 3957 987 4014 armatus.
1025 3951 1093 4026 Qua
1114 3949 1284 4030 pernicie
