2634 4434
616 262 894 440 Μ’,

191 568 304 650 populo
327 566 407 630 sinit.
441 565 515 628 Nam
539 565 611 628 ilico
634 565 765 642 cunctis,
789 557 841 646 qui
865 563 1056 647 emebantur,
1079 563 1253 626 morienti·

194 670 262 746 bus,
287 667 369 748 quod
391 667 521 748 improbi
536 674 670 728 emtores
686 683 792 727 eorum
808 681 870 726 non
886 665 1102 745 impenderunt
1117 665 1255 744 turpiter

192 770 316 850 pretiis,
346 769 560 848 expenderunt
588 767 828 828 misericorditer
853 765 1028 844 sepulturis.
1071 765 1171 845 lgitur
1196 766 1251 826 in-

192 877 279 952 grata
300 869 409 945 Romo,
433 887 513 947 qtrec
534 870 615 928 sicut
638 885 720 928 nunc
742 869 853 944 sensit,
877 884 939 928 non
961 865 997 927 ad
1020 865 1251 942 remittendam,

193 970 249 1042 sed
278 970 315 1031 ad
347 969 570 1048 reprimendam
600 967 795 1041 ¹idololatriae
828 969 1102 1047 praesumtionem,
1132 966 1251 1048 judicis

192 1070 258 1132 Dei
273 1069 428 1149 obliquam
453 1069 703 1142 misericordiam,
727 1070 767 1129 ita
789 1071 936 1130 contiuuo
959 1075 1083 1148 propter
1104 1069 1250 1128 vivorum

194 1177 446 1250 mortuorumque
475 1177 649 1232 sanctorum
678 1170 756 1249 piam
785 1169 1045 1244 recordationem,
1080 1169 1139 1229 Dei
1172 1168 1250 1229 iram

196 1261 286 1344 [5ll]
310 1288 434 1350 passura
462 1288 522 1330 non
553 1270 689 1350 plenam,
718 1270 744 1330 si
772 1267 851 1330 sorte
878 1268 1004 1330 contusa
1032 1270 1192 1347 poeniteat
1220 1276 1252 1328 et

194 1390 250 1452 per
270 1373 480 1451 experentiam
503 1370 592 1432 fidem
615 1370 727 1447 discat,
755 1369 793 1431 ab
822 1371 946 1430 incursu
973 1368 1087 1431 Alarici
1110 1369 1196 1449 regis
1218 1375 1252 1429 et

194 1471 301 1547 hostis,
324 1470 378 1532 sed
395 1471 569 1553 Christiani,
590 1470 781 1550 aliquantulo
797 1470 834 1532 ad
850 1477 969 1550 tempus
984 1471 1082 1550 spatio
1098 1468 1248 1532 differtur.

475 1723 661 1861 eaput
715 1721 962 1831 xxxvto.

258 1931 315 1996 De
341 1929 569 1997 molitionibus
598 1927 774 1996 Stilicooia
801 1931 949 2008 comitis,
983 1930 1126 2015 ejusque
1154 1935 1188 1995 et

551 2031 718 2098 Emeterii
743 2033 893 2098 interitu.

281 2169 406 2248 lutereu'
431 2205 534 2249 comes
562 2187 684 2263 Stilico,
719 2185 922 2247 Vandalorum
954 2185 1100 2263 imbellis,
1128 2203 1251 2262 avarae,

198 2286 332 2368 perfidae
367 2293 398 2347 et
431 2287 555 2348 dolosae
587 2289 689 2367 gentis
722 2305 838 2368 genere
872 2289 988 2363 editus,
1026 2285 1251 2366 parvipendens

199 2387 281 2468 quod
303 2385 360 2449 sub
384 2385 569 2466 Imperatore
592 2387 773 2466 imperabat,
797 2387 998 2463 Eucherium,
1027 2387 1119 2448 filium
1149 2403 1250 2463 suum,

198 2491 279 2550 sicut
300 2506 316 2549 a
341 2487 495 2566 plerisque
517 2489 660 2563 traditur,
684 2489 746 2567 jum
776 2489 846 2549 inde
870 2488 1107 2549 Christianorum
1137 2504 1249 2566 perse-

200 2590 354 2651 cutionem
385 2606 401 2649 a
435 2605 532 2666 puero
555 2591 745 2667 privatoque
780 2589 1004 2666 meditantem„
1024 2591 1055 2650 in
1089 2589 1248 2667 imperium

80 2769 83 2779 Ι
199 2705 323 2768 quoquo
346 2689 436 2749 modo
457 2691 612 2750 sustinere
642 2689 804 2751 nitebatur.
850 2690 1052 2762 Quamobrem
1084 2688 1248 2762 Alaricum,

199 2796 402 2868 cunctamque
419 2788 584 2850 Gothorum
601 2796 736 2870 gentem,
757 2806 811 2868 pro
830 2808 905 2870 pace
928 2791 1038 2869 optima
1062 2795 1093 2850 et
1115 2788 1247 2868 quibus-

199 2907 331 2969 cumque
353 2889 478 2950 sedibus
500 2890 679 2969 suppliciter
701 2907 736 2949 ac
758 2890 937 2968 simpliciter
959 2885 1107 2966 orantem,
1130 2887 1249 2950 occulto

199 2989 325 3052 foedere
347 2988 472 3062 fovens,
500 2989 623 3066 publice
641 2994 747 3064 ,autem
771 2995 802 3048 et
825 2988 898 3050 bct-tt
921 2997 952 3051 et
974 2991 1056 3068 pacis
1079 2990 1166 3069 copia
1188 3007 1247 3050 ne-

198 3096 283 3171 gata,
313 3087 350 3149 ad
377 3091 534 3150 terendam
560 3089 801 3168 terrendamque
822 3089 1049 3169 Rempublioam
1071 3092 1249 3151 reservavit.

198 3190 359 3252 Praeterea
381 3197 491 3269 gentes
513 3189 588 3250 alias
610 3191 706 3268 copiis
729 3191 908 3269 viribusque
931 3189 1152 3276 intolerabiles,
1175 3191 1248 3270 qoi-

198 3291 256 3352 bus
278 3307 362 3350 nuuc
384 3287 548 3350 Galliarum
566 3275 840 3367 Hispaniarumqoc
863 3291 1038 3370 provinciae
1061 3297 1249 3370 premuntur,

198 3390 257 3453 hoc
279 3396 341 3452 est:
365 3389 543 3466 Alanorum,
568 3390 749 3466 Suevorum,
773 3389 987 3468 Vandalorum,
1010 3393 1139 3472 ipsoque
1161 3391 1250 3453 simul

198 3497 283 3552 motu
306 3490 502 3568 impulsorum
520 3490 783 3569 Burgundionum,
807 3491 887 3552 ultro
911 3494 941 3552 in
965 3510 1047 3553 arma
1070 3491 1249 3566 sollicitans,

199 3586 286 3672 [tt-2]
309 3590 431 3651 deterso
453 3590 549 3652 semel
571 3589 698 3651 llomuui
722 3593 852 3652 nominis
876 3599 969 3668 metu,
991 3593 1159 3679 suscitavit.
1192 3589 1249 3652 Eas

198 3692 319 3753 interim
336 3693 416 3770 ripas
432 3691 529 3752 Rheni
546 3699 684 3769 quatere,
709 3698 740 3752 et
762 3692 882 3771 pulsare
906 3692 1019 3753 Gallias
1043 3692 1152 3770 voluit,
1175 3709 1248 3772 spe-

197 3808 269 3853 rans
291 3792 385 3852 miser
405 3791 463 3852 sub
485 3789 542 3851 ltac
564 3793 756 3852 necessitatis
779 3793 1016 3869 circumstantia,
1040 3793 1124 3871 qumi
1144 3798 1175 3854 et
1190 3811 1247 3854 ex·

199 3883 344 3968 torquere
373 3891 532 3969 imperium
559 3908 677 3971 genero
705 3897 808 3970 posset
834 3892 866 3952 in
894 3891 1005 3977 fitium,
1041 3898 1072 3954 et
1105 3892 1248 3954 barbarae

199 3995 308 4065 gentes
328 3995 388 4050 tem
408 3988 499 4051 facile
519 3991 677 4069 comprimi
698 4007 788 4069 quam
802 3994 988 4056 commoveri
1002 3993 1153 4061 valerent.
1189 3991 1247 4058 lta·
