2634 4434
697 328 748 399 50

196 571 268 636 dum
296 567 407 650 parati,
436 584 476 630 ex
503 565 562 628 alia
594 564 730 645 pecudes
761 562 799 624 ud
827 559 1019 622 moriendum
1049 566 1251 639 praeparatae

196 675 384 752 putarentur.
424 668 563 730 Dumanta
586 665 681 726 millia
704 664 861 725 Persarum
884 662 923 723 ad
946 676 1068 740 campas
1090 658 1248 720 Maratho-

197 766 283 853 [tue]
317 770 386 830 nius
413 786 450 830 ea
479 772 658 846 tempestato
689 763 876 826 ceciderunt.
921 761 1025 824 Sensit
1052 759 1163 821 Darius
1192 757 1251 820 buc

196 869 356 934 damnum:
386 885 454 930 nam
478 868 578 929 vietus
600 864 797 956 stipatusque,
820 863 949 941 arreptis
972 859 1113 937 navibus,
1135 859 1252 939 refugit

197 969 230 1031 in
252 969 365 1032 Persas.
411 968 485 1029 Gum
513 973 615 1028 autem
644 965 830 1026 instauraret
857 961 988 1036 bellum,
1022 968 1055 1022 et
1081 959 1189 1021 ulcisci
1219 959 1250 1019 in

197 1069 332 1130 victores
362 1067 537 1146 moliretur,
563 1067 595 1128 in
625 1065 691 1144 ipso
718 1064 864 1144 adparatu
896 1060 1045 1137 concidit,
1078 1059 1251 1140 olympiade

197 1169 422 1249 septuagesima
445 1173 567 1248 quarta,
590 1165 648 1228 hoc
671 1172 732 1242 est,
760 1170 828 1245 pust
856 1161 967 1222 Urbem
995 1161 1147 1223 conditam
1169 1174 1252 1219 anno

198 1267 361 1331 CCLXXV.
390 1286 451 1349 quo
480 1276 617 1346 tempore
645 1265 760 1327 Romae
785 1262 911 1342 Popillia
941 1263 1030 1343 virga
1062 1261 1102 1322 ab
1135 1261 1253 1322 crimen

197 1368 294 1448 stupri
316 1370 386 1431 viva
408 1367 529 1431 defossa
552 1374 606 1431 est.
655 1355 667 1374 ’

551 1617 763 1755 daput
814 1615 895 1726 tx.

201 1823 361 1911 Xerxes,
387 1821 470 1887 Reae
497 1820 704 1904 Persarum,
731 1841 808 1887 aram
837 1816 1120 1885 raumaroaa'aaa'ma
1143 1836 1257 1882 amer·-

198 1929 269 1992 ea'la
302 1945 325 1990 a
359 1918 546 2006 Spartanis
576 1922 718 2004 patrata,
757 1921 845 1985 duaa
876 1919 1048 1996 Leonida,
1081 1917 1259 2016 inparatam

406 2023 537 2088 claudam
559 2023 694 2109 accipit,
716 2024 865 2106 caltaque
884 2022 1044 2087 vincitur.
1156 2092 1159 2098 ¹

283 2176 419 2254 Xerxes,
447 2176 539 2238 Dario
568 2178 645 2256 patri
677 2179 710 2239 in
742 2194 873 2259 regnum
905 2174 1093 2255 succedens,
1125 2173 1256 2253 bellurn,

198 2277 346 2340 adversus
369 2277 526 2340 Graeciam
549 2286 675 2357 epatre
703 2285 895 2358 susceptum,
924 2293 979 2356 per
1006 2276 1256 2355 quinquennium

199 2379 359 2440 instruxit:
385 2376 467 2458 quod
488 2377 669 2440 Demaratus
691 2378 967 2454 Lacedaemonius,
990 2377 1043 2456 qui
1070 2382 1144 2437 tuna
1172 2375 1258 2439 forte

199 2478 280 2559 apud
314 2469 449 2541 Xerxem
486 2479 661 2556 exsulabat,
698 2495 754 2558 per
790 2476 917 2538 tabellas
952 2478 1082 2556 primum
1114 2479 1257 2558 scriptas,

200 2579 313 2642 deinde
341 2587 475 2666 ceratas,
507 2580 572 2640 suis
605 2579 746 2659 prodidit.
790 2578 887 2659 igitur
912 2578 1032 2639 Xerxes
1058 2578 1258 2658 septingenta

200 2677 294 2738 millia
316 2685 499 2739 armatarum
522 2677 560 2737 de
583 2695 696 2758 regna,
725 2685 758 2739 et
783 2684 920 2739 trecenta
943 2677 1036 2739 millia
1058 2677 1097 2738 de
1118 2676 1256 2753 auxiliis,

201 2773 292 2852 [110]
314 2783 460 2839 rostratas
482 2777 573 2838 etiam
590 2793 685 2838 naves
701 2776 784 2837 mille
799 2775 957 2856 ducentas,
980 2778 1136 2840 onerarias
1151 2785 1258 2838 autem
1313 2858 1314 2861 Ἴ

201 2879 258 2939 tuda
281 2877 374 2938 millia
398 2892 526 2938 numero
549 2875 693 2938 habaima
716 2885 870 2953 narratur3
899 2884 933 2940 ut
960 2880 1071 2940 merita
1097 2878 1260 2956 inopinato
1313 2864 1314 2949 1

200 2977 353 3038 exercitui
380 2977 611 3056 immensaeque
638 2977 729 3039 classi
754 2979 808 3040 vix
834 2978 873 3041 ad
900 2985 1004 3058 potam
1031 2979 1175 3055 flumina,
1202 2979 1258 3038 rix

202 3083 298 3138 terres
320 3076 358 3138 ad
387 3078 576 3158 ingressum,
603 3076 656 3137 vix
679 3079 772 3140 maria
794 3081 833 3142 ad
855 3097 977 3142 cursum
1000 3078 1161 3142 suffecisse
1183 3097 1257 3140 mc·
1312 3106 1313 3189 p

202 3183 351 3238 moratum
387 3177 435 3240 sit.
496 3177 576 3238 Huic
612 3185 671 3240 tam
708 3180 882 3244 incredibili
918 3179 1106 3261 temporibus
1142 3180 1260 3241 nostris
1312 3198 1313 3203 ¹

201 3277 331 3358 agmini,
359 3277 447 3357 cujus
475 3295 636 3340 numerum
658 3296 742 3342 aune
764 3279 919 3344 difficilius
941 3287 988 3343 est
1009 3279 1141 3357 adstrui,
1163 3295 1258 3360 quam
1310 3354 1312 3363 ⁴

202 3385 276 3439 tane
299 3376 357 3439 luit
378 3377 477 3454 vinci,
499 3377 667 3459 Leonidas,
697 3398 754 3444 rex
777 3381 1010 3462 Spartanorum,
1030 3396 1100 3442 curu
1123 3387 1259 3460 quatuor

203 3476 337 3538 millibus
376 3477 533 3541 bominum
570 3482 604 3543 ira
638 3483 787 3562 angustiis
824 3481 1092 3562 Thermopylarum
1129 3469 1255 3541 abstitit.

201 3575 321 3640 Xerxes
343 3584 455 3657 autem,
478 3588 635 3642 contemtu
656 3581 818 3658 paucitatis
839 3581 989 3662 objectae,
1012 3580 1085 3642 iniri
1111 3597 1257 3660 pugnam,

203 3677 324 3739 conseri
354 3695 476 3740 manum
503 3681 642 3759 inperat
683 3679 778 3742 Porro
808 3679 874 3757 illi,
904 3699 1036 3760 quorum
1068 3681 1194 3762 cognati
1226 3687 1258 3741 et

202 3778 476 3858 commanipulares
498 3779 531 3839 in
550 3779 663 3857 eampis
677 3777 875 3843 Marathoniis
895 3781 1106 3843 accubueram
1126 3787 1159 3841 et
1180 3795 1257 3840 cer-

203 3877 324 3938 taminis
346 3877 437 3939 simul
459 3883 492 3937 et
517 3876 612 3937 eladis
640 3878 773 3942 extitere
799 3881 991 3962 principium,
1034 3880 1156 3942 Deinde
1178 3897 1256 3941 suc-

204 3975 319 4038 cedens
339 3975 398 4038 sibi
421 3974 509 4037 turba
532 3977 627 4055 maim
654 3994 691 4039 ae
716 3981 857 4060 segnior,
887 3999 956 4044 cum
980 3983 1060 4062 pani,
1087 3997 1192 4061 napae
1219 3979 1257 4042 ad
