2634 4434
722 331 746 404 6

639 429 644 445 ,

206 573 295 655 plaga
316 569 550 653 septentrionis,
578 574 595 634 a
617 573 744 636 flumine
766 571 875 648 Tanai,
898 585 959 650 qna
981 567 1109 650 lliplaei
1132 573 1261 648 montes,

207 673 375 739 Seronatioo
408 675 508 736 aversi
540 688 673 750 oceano,
706 673 832 739 Tanaim
864 671 991 734 llavinm
1025 668 1173 733 landant:
1207 673 1261 752 qni

206 776 396 858 praeteriens
418 791 485 836 aras
508 794 545 836 uc
567 775 715 836 terminos
738 773 906 836 Alexandri
927 769 1046 854 Magni,
1068 773 1101 834 in
1122 770 1260 834 Roxola-
1303 810 1304 815 κ

206 891 315 939 norum
338 873 450 936 sinibus
472 875 557 952 sitos,
581 874 749 938 Maeotidas
770 882 865 956 auget
879 874 1022 954 paludes:
1046 889 1174 954 quarum
1196 871 1260 934 im·
1303 930 1304 935 ,

206 989 311 1039 mensa
334 976 501 1038 exundatio
518 975 606 1056 juxta
629 975 831 1039 Theodosium
859 975 967 1039 urbem
994 973 1149 1037 Euxinum
1176 974 1260 1034 Ton-

206 1086 270 1140 tum
299 1077 359 1139 late
388 1078 566 1160 ingreditur.
611 1077 687 1141 lnde
713 1078 798 1159 juxta
828 1074 1122 1156 Constantinopolim
1149 1075 1262 1156 longae
1303 1102 1304 1125 t

206 1181 369 1242 mittuntur
400 1181 576 1260 angustiae,
610 1181 722 1242 donec
742 1193 796 1242 eas
825 1195 909 1242 mare
936 1177 995 1240 noe
1021 1176 1105 1258 qood
1132 1175 1262 1238 dicimus

206 1279 360 1358 Nostrum,
382 1281 520 1360 accipiat.
557 1269 698 1362 Europae
721 1281 753 1343 in
776 1279 919 1362 Hispania
941 1279 1142 1341 occidentalis
1163 1294 1260 1338 occa-³

206 1397 265 1444 naas
288 1383 437 1444 terminus
459 1389 516 1460 cst,
544 1385 675 1445 oraxime
697 1381 750 1444 ubi
773 1382 853 1463 apud
877 1380 977 1443 Gades
998 1379 1116 1442 insulas
1136 1378 1261 1440 lieren·

206 1483 245 1546 lis
266 1482 428 1545 columnae
450 1484 608 1560 visantur,
637 1491 670 1546 et
695 1482 845 1563 Tyrrheni
875 1483 966 1544 maris
988 1479 1130 1543 lancibus
1152 1480 1262 1540 oceani

206 1592 310 1648 aestus
339 1583 518 1646 immittitur.
563 1584 689 1648 Alrioao
717 1585 900 1666 principium
928 1590 977 1646 est
1004 1585 1023 1646 l
1050 1574 1164 1643 linibus
1191 1578 1261 1642 Ae-

205 1686 291 1768 gypti
313 1685 462 1767 urbisque
491 1686 715 1763 Alexandriae,
743 1685 797 1748 ubi
826 1685 1039 1747 Paraetonium
1067 1682 1176 1746 civitas
1203 1681 1263 1742 sila

207 1783 272 1868 [12]
297 1795 353 1863 est,
371 1799 463 1866 snper
475 1787 533 1848 ltoo
545 1805 628 1848 mare
640 1786 794 1868 Magnum,
813 1786 894 1865 quod
906 1803 1014 1848 omnes
1025 1785 1130 1866 plagas
1142 1789 1262 1844 terras-
1303 1800 1304 1857 3

124 1909 126 1914 ·
206 1905 268 1968 que
291 1887 406 1948 medias
429 1886 574 1950 interluit.
619 1887 707 1949 Unde
729 1905 785 1968 par
807 1887 878 1974 loca
904 1903 984 1967 quae
1011 1885 1138 1948 accolae
1166 1883 1262 1945 Gata-
1303 1896 1304 1915 t

207 1989 330 2051 balmon
353 1994 474 2064 vocant,
502 1985 582 2049 haud
604 1988 711 2069 procul
733 2004 750 2050 a
773 1989 881 2051 castris
904 1987 1072 2050 Alexandri
1094 1984 1208 2066 llagni,
1230 1992 1264 2046 et

206 2107 300 2170 super
333 2089 431 2150 lacum
466 2085 667 2166 Calesrtium,
700 2091 813 2154 deinde
842 2094 925 2173 justa
957 2091 1150 2170 superiorum
1184 2087 1264 2149 lines
1303 2122 1304 2161 p

207 2192 417 2266 Avasitaram,
449 2191 538 2250 missa
568 2191 599 2252 in
629 2199 836 2256 transversam
858 2212 915 2274 per
937 2192 1118 2271 Aethiopica
1141 2191 1264 2251 deserta

208 2292 408 2354 meridianum
432 2293 583 2373 contingit
605 2308 764 2369 oceanum.
805 2295 941 2356 Termini
964 2291 1088 2355 Africae
1111 2291 1148 2354 ad
1172 2291 1263 2352 oeci-
1303 2286 1304 2323 ἵ

207 2394 329 2454 dentem
354 2393 446 2455 iidem
469 2401 541 2456 sunt
564 2395 616 2474 qui
640 2402 671 2457 et
693 2395 845 2477 Europae,
869 2397 897 2458 id
922 2403 979 2472 asi,
1003 2393 1109 2456 lauces
1122 2391 1263 2454 Gaditani

207 2492 286 2557 lacti.
332 2494 461 2558 Ultimus
482 2505 584 2558 autem
608 2497 677 2560 linis
700 2499 767 2580 ejus
789 2505 836 2560 est
860 2516 946 2560 mons
968 2495 1066 2572 Atlas,
1089 2503 1121 2556 et
1144 2492 1264 2557 insulae

208 2613 283 2675 quas
305 2595 485 2658 Fortunatas
513 2605 632 2662 vocant.
678 2598 716 2660 Et
742 2601 815 2679 quia
844 2599 982 2660 breviter
1009 2595 1173 2677 generales
1203 2595 1263 2655 tri-

207 2697 309 2776 partiti
333 2695 415 2757 orbis
439 2699 606 2762 divisiones
630 2700 718 2777 dedi,
749 2703 880 2780 ipsarum
905 2715 1029 2778 quoquc
1053 2698 1182 2776 partium
1206 2713 1265 2756 re-

207 2798 332 2879 giones,
360 2800 440 2862 sicut
471 2799 623 2881 pollicitus
652 2812 735 2879 sunt,
764 2796 939 2881 significare
962 2797 1084 2860 curabo.
1130 2796 1203 2858 Asia
1226 2794 1265 2857 ad

209 2899 337 2960 mediam
362 2897 491 2962 frontem
521 2899 653 2988 orientisx
676 2901 768 2962 habet
794 2901 823 2962 in
853 2918 970 2962 occano
999 2899 1063 2962 Eoo
1092 2897 1169 2960 ostia
1199 2895 1264 2957 flu-

208 2996 275 3083 [13]
299 3000 387 3062 minis
400 3001 524 3084 Gangis,
536 3021 553 3062 a
565 3003 687 3064 sinistra
701 3003 939 3082 promontorium
953 3001 1195 3084 Caligardamna,
1212 2998 1266 3059 cui

208 3102 346 3184 sarbjaoet
366 3102 404 3164 ad
433 3103 547 3164 Eurum
577 3101 677 3164 insula
705 3103 900 3185 Taprobane:
924 3124 942 3166 e
965 3122 1024 3185 qua
1047 3118 1183 3166 oceanus
1206 3098 1264 3159 ln-

209 3205 294 3266 dicus
317 3205 421 3265 vocari
444 3201 561 3282 incipit,
584 3221 601 3264 a
624 3203 732 3266 dextra
756 3206 847 3268 habet
863 3206 936 3268 lmai
951 3212 1083 3280 montes,
1106 3203 1158 3266 ubi
1176 3201 1263 3262 Gau-

208 3323 297 3368 easus
325 3303 443 3380 delicit,
474 3307 713 3382 promontorium
742 3309 912 3370 Samamm:
940 3309 991 3370 cui
1018 3307 1056 3368 ad
1083 3303 1263 3385 aquilonem

208 3407 368 3488 subjacent
401 3406 477 3466 ostia
511 3406 645 3469 llaminis
679 3408 918 3492 octorogorrae:
957 3428 998 3472 cx
1030 3425 1093 3489 quo
1125 3419 1266 3466 oceanus

180 3591 183 3596 .
210 3501 334 3570 Sericus
367 3507 542 3586 appellatur.
587 3508 620 3570 ln
649 3510 695 3574 his
723 3512 834 3575 linibus
862 3513 946 3575 india
974 3519 1036 3593 est,
1064 3526 1144 3590 quae
1170 3505 1267 3567 habel

208 3609 247 3670 ab
270 3609 431 3670 occidente
454 3607 566 3670 nornen
596 3610 719 3691 lndum,
746 3615 829 3694 quod
856 3615 958 3678 Rubro
988 3613 1063 3678 mari
1091 3609 1263 3690 excipitur:

209 3713 226 3772 ia
253 3711 463 3790 septentrione
492 3720 624 3774 trientem
653 3716 837 3777 Caucasum:
873 3716 992 3797 reliqua
1019 3710 1169 3796 (ut'dixi)
1198 3709 1266 3769 [loo

209 3807 279 3886 [14]
304 3811 451 3874 etlndico
464 3832 580 3876 oceano
593 3817 781 3878 terminatur.
805 3816 887 3878 llaec
899 3812 1264 3900 nabetgentesqoadra-

208 3913 293 3992 ginta
312 3921 452 3993 quatuor,
476 3915 592 3995 absque
608 3915 708 3977 insula
724 3917 913 3996 Taprobane,
936 3937 1017 3999 quac
1039 3918 1131 3980 habet
1152 3916 1266 3977 decem

209 4013 365 4080 civitates:
395 4023 425 4080 ct
452 4016 570 4096 absque
593 4016 722 4096 reliquis
744 4018 853 4081 insulis
874 4019 1091 4083 heliubililtus
1114 4015 1266 4098 ptmimis
