2634 4434
705 332 776 402 196

635 434 843 445 --—--——-

213 589 304 653 quam
337 568 492 650 explicaro
520 568 645 650 longum
675 575 737 646 est,
771 568 953 648 optimorum
981 573 1076 647 atque
1103 564 1277 629 illustrium

213 674 350 735 virorum
373 670 598 733 multitudinem
622 670 768 732 trucidari
795 669 828 730 in
854 686 930 748 pace
958 664 1161 749 cognoveritl
1208 667 1275 729 Ρο-

213 780 326 835 stremo
349 772 418 851 quis
440 772 507 834 illas
530 769 660 833 infames
682 768 964 833 interficiendorum
986 767 1104 831 tabulas
1120 769 1275 845 timuerit,

213 867 299 954 [354]
322 872 448 953 legerit,
471 868 622 935 senserit?
650 888 687 933 ac
708 887 770 932 non
797 851 899 951 potius
921 868 1063 932 omnibus
1085 875 1196 931 notum
1221 868 1275 945 sit,

213 990 274 1035 una
295 976 424 1036 cunctos
446 990 521 1053 pace
544 972 744 1051 compositos,
775 978 867 1051 atque
889 970 997 1033 eadem
1019 970 1118 1032 salute
1141 986 1276 1032 securos

212 1074 312 1136 victos
335 1073 532 1154 victoresque
554 1074 669 1154 pariter
690 1073 845 1134 communi
872 1071 1044 1135 exsultasse
1070 1071 1206 1147 laetitia,
1236 1088 1276 1131 ac

86 1212 89 1225 ·
214 1175 305 1237 etiam
327 1174 360 1235 in
386 1175 477 1236 tantis
505 1174 598 1235 totius
625 1174 754 1235 Romani
781 1173 902 1254 imperii
927 1172 1110 1252 provinciiS,
1138 1171 1275 1234 urbibus

213 1294 250 1337 ac
271 1273 390 1355 populis
412 1275 466 1336 vix
487 1290 601 1355 paucos
623 1273 976 1354 aliquandoexstitissc,
999 1289 1077 1352 quos
1092 1274 1178 1353 justa
1193 1271 1276 1333 ultio

214 1376 311 1437 invito
341 1376 432 1436 etiam
463 1376 584 1441 victore
611 1374 783 1437 damnarit?
826 1373 865 1435 Et
892 1382 927 1436 ut
953 1372 1056 1436 verbis
1083 1372 1179 1435 verba
1209 1392 1274 1436 non

214 1492 357 1551 onerem,
385 1490 448 1535 non
475 1481 591 1537 temere
620 1476 892 1538 dixerimtantam
920 1475 972 1537 vel
997 1476 1029 1535 in
1055 1473 1138 1535 bello
1159 1473 1274 1537 saltem

214 1576 379 1637 extinctam
403 1574 492 1637 modo
514 1573 611 1637 luisse
625 1578 837 1658 gregariorum
853 1576 982 1638 militum
999 1592 1131 1653 manum,
1154 1582 1274 1655 quauta

214 1681 287 1738 ωηο
318 1691 408 1737 caesa
440 1681 487 1737 est
521 1676 553 1736 iu
587 1694 662 1755 pace
694 1677 852 1741 nobilium.
895 1676 993 1758 lgitur
1028 1675 1111 1739 Sulla
1147 1683 1272 1737 mortuo

212 1775 357 1857 Lepidae,
379 1774 532 1837 Marianae
555 1779 647 1855 partis
670 1778 819 1856 adsertor,
840 1778 989 1841 adversus
1005 1776 1144 1839 Catulum
1161 1776 1273 1840 Sulla-

212 1894 286 1938 num
314 1876 422 1938 ducem
452 1892 582 1956 surgens
609 1878 765 1941 redivivos
791 1878 942 1941 bellorum
976 1876 1112 1938 civilium
1146 1878 1273 1941 cineres

213 1976 379 2038 suscitavit.
427 1970 477 2037 Bis
505 1984 578 2038 tunc
604 1979 671 2039 acie
693 1986 842 2041 certatum
865 1986 919 2041 est.
962 1977 1087 2040 Plurimi
1107 1977 1272 2040 Romano-

213 2092 280 2137 rum
304 2074 367 2155 jam
398 2076 461 2154 ipsa
488 2077 640 2157 paucitate
667 2079 866 2155 miserorum,
894 2085 926 2141 et
952 2078 1053 2141 adbuc
1081 2078 1135 2139 illo
1162 2078 1273 2142 lurore

213 2176 431 2238 insanientium
455 2177 537 2239 caesi
560 2184 639 2240 sunt.
675 2178 863 2240 Albanorum
887 2179 1007 2256 civitas,
1029 2178 1194 2241 obsidione
1209 2197 1271 2260 op-

213 2282 347 2357 pugnata
370 2283 462 2356 atqne
485 2279 661 2341 excruciata
682 2277 763 2341 lame
790 2279 912 2357 ultima,
940 2279 1160 2343 miserabilium
1188 2281 1271 2343 rcli·

216 2377 355 2456 quiarum
385 2378 540 2440 deditione
567 2385 688 2441 servata
716 2387 771 2444 est.
816 2380 874 2442 Ubi
906 2388 980 2443 ωηο
1008 2381 1128 2461 Scipio,
1160 2380 1273 2461 Lepidi

213 2476 295 2541 lilius
318 2485 422 2559 captus
445 2486 536 2559 atque
559 2480 680 2543 occisus
702 2487 758 2542 est.
801 2480 914 2543 Brutus
936 2483 967 2543 in
990 2481 1168 2561 cisalpinam
1192 2481 1270 2543 Gal-

213 2574 285 2637 liam
308 2576 446 2659 lugiens,
476 2588 684 2660 persequente
710 2582 853 2661 Pompeio
880 2582 960 2663 apud
986 2582 1138 2664 Rhegium
1166 2584 1269 2645 inter·

214 2675 314 2737 sectus
342 2685 399 2739 est.
443 2678 486 2740 lta
515 2679 573 2741 boo
606 2679 721 2741 bellum
754 2681 846 2742 civile
879 2700 942 2744 non
975 2684 1071 2766 magis
1104 2683 1270 2745 clementia

215 2774 331 2855 Catuli,
359 2794 448 2859 quarn
470 2780 574 2841 taedio
598 2778 742 2866 Sullanae
764 2782 970 2863 crudelitatis,
992 2792 1028 2847 ut
1048 2785 1130 2867 ignis
1153 2785 1187 2846 in
1208 2784 1268 2847 sti-

213 2877 295 2957 pula,
318 2862 439 2942 eadem'
448 2878 618 2959 celeritate,
641 2898 702 2960 qua
724 2884 850 2960 exarsit,
873 2886 1009 2949 evanuit

74 3050 98 3093 Ἰ
215 3163 300 3250 aa]
526 3131 721 3271 taput
771 3135 955 3246 antu

214 3334 269 3401 Dc
291 3339 440 3421 quadram
460 3338 560 3403 novis
581 3338 677 3406 bellio
699 3360 722 3407 a
742 3340 911 3408 Romania
937 3344 1111 3428 susceptis
1132 3344 1267 3431 Hispu-

297 3438 390 3520 nico,
417 3434 651 3525 Pamphyliae,
674 3441 904 3511 Macedonico
924 3447 960 3509 et
980 3442 1188 3513 Dalmatico.

297 3588 389 3653 Anno
401 3590 438 3678 ab
451 3590 532 3654 Urbe
544 3594 667 3657 condita
682 3602 908 3663 sexcentesimo
923 3602 1151 3683 septuagesimo
1166 3606 1268 3682 tertio,

212 3691 392 3754 sonantibus
414 3692 552 3772 undique
574 3693 724 3756 bellorum
751 3697 941 3781 fragoribus,
965 3720 1095 3782 quorum
1117 3722 1218 3767 unum
1240 3707 1269 3766 in

212 3790 356 3870 Hispania
384 3800 465 3870 erat,
493 3792 577 3855 aliud
605 3796 636 3856 in
665 3796 854 3881 Pamphylia,
877 3804 909 3863 in
931 3800 1110 3865 Macedonia
1134 3806 1268 3881 tertium,

213 3896 353 3966 quartum
376 3891 408 3952 in
430 3890 590 3971 Dalmatia,
610 3901 783 3979 'exsanguis
805 3900 904 3963 adbuc
926 3908 1020 3983 atque
1042 3902 1194 3967 exhausta
1217 3906 1267 3981 in·

214 3986 324 4051 tostino
345 3991 483 4066 pernicie
505 3998 657 4073 tamquam
678 3993 817 4061 febribus
832 3999 966 4067 llomaua
980 4003 1170 4093 respublica,
1193 4024 1267 4087 pro-
