2634 4434
696 331 767 401 120

624 415 831 440 -.....'..........

203 574 389 644 uerberibus
407 573 543 637 lacerum
566 573 653 635 eruci
675 570 837 648 sullixum,
866 567 921 646 filii
943 569 1130 651 cognatique
1153 585 1255 632 omnes

203 675 353 756 supplicio
377 673 494 739 traditi:
521 673 659 755 nequis
688 689 758 734 eum
786 669 925 753 ejusdem
953 668 1087 744 familiae
1114 687 1255 750 umquem

205 775 393 863 apt-,imitari
413 781 467 841 aot
488 773 596 856 ulcisci
619 771 827 844 meditaretun.
864 771 947 836 llaec
969 770 1159 851 temporibus
1185 770 1255 832 Phi·

205 875 281 961 lippi
311 881 399 958 gesta
426 880 508 954 sunt,
552 872 622 934 Post
648 871 725 936 baec
754 870 1023 954 Carthaginienses
1050 889 1120 942 cunr
1148 871 1257 952 Tyrum

207 973 328 1052 urbem,
349 981 506 1058 auctorem
528 973 656 1054 originis
672 971 811 1053 suae,ab
826 971 1004 1036 Alexandro
1017 969 1128 1053 blegne
1145 978 1257 1051 capum

206 1092 410 1163 euersumque
432 1073 622 1151 didicissent,
646 1074 791 1138 timentes
812 1074 971 1136 transitum
995 1071 1065 1152 ejus.
1078 1073 1111 1133 in
1125 1069 1258 1134 Atrinum

206 1173 355 1259 innuerunt,
367 1174 552 1260 Amilcarem
565 1175 727 1256 quemdam
740 1180 945 1256 cognomento
956 1172 1148 1249 Rhodanum,
1163 1173 1258 1234 virum

208 1273 351 1359 Quodis
373 1275 560 1356 solertiaque
576 1277 777 1357 praecipuum,
790 1274 826 1336 ad
842 1273 1078 1354 perscrutandos
1094 1269 1259 1343 Alexandri

211 1382 297 1460 actus
324 1376 519 1437 direxerunt:
555 1377 608 1455 qui
640 1393 697 1455 per
722 1375 953 1450 Parmenionem
986 1374 1076 1455 quasi
1106 1370 1260 1452 transfuga

209 1482 367 1554 ennepius,
390 1473 502 1558 dehinc
517 1476 550 1549 in
570 1475 709 1556 militiam
730 1476 814 1558 regis
836 1475 996 1552 admissus,
1019 1474 1121 1542 omnin
1144 1473 1261 1544 civibus

130 1637 135 1643 ,
209 1574 274 1647 suis
294 1590 352 1654 per
373 1574 501 1660 tabellas
523 1577 651 1659 scriptas
674 1584 705 1640 et
725 1585 793 1658 post
807 1595 879 1654 cera
894 1576 1060 1657 superlitas
1071 1572 1260 1647 enunciata.

209 1669 434 1756 llunc'mortuo
445 1675 622 1762 Alenandro
638 1679 852 1761 Cartbnginem
868 1695 1038 1755 reuersum,
1053 1676 1141 1756 quasi
1158 1672 1262 1736 urbem

208 1775 276 1864 regi
298 1777 507 1858 venditasset,
526 1797 588 1840 non
616 1782 738 1860 ingrato
766 1785 881 1844 tantum
910 1779 1011 1852 animo
1038 1775 1261 1840 verumetiam

211 1875 331 1952 crudeli
350 1878 467 1940 invidia
490 1887 686 1960 necaverunt.
724 1880 844 1956 Deinde
866 1897 935 1954 cunr
958 1877 1096 1954 adsidue,
1118 1893 1183 1940 nec
1204 1881 1262 1936 un-

213 1991 302 2052 quam
329 1976 404 2039 satis
430 1994 576 2057 prospera
606 1979 757 2059 aduersus
791 1978 913 2054 Siculos
944 1977 1025 2050 bella
1056 1981 1207 2058 gererent
1238 1979 1264 2036 et

213 2074 380 2153 Syracusas
417 2076 524 2138 urbem
559 2077 685 2158 Siciliae
720 2087 794 2141 tunc
826 2079 1071 2152 florentissimam
1106 2075 1264 2138 obsidione

213 2176 397 2260 cinxissent,
425 2195 487 2258 per,
507 2176 713 2260 Agathoclem
739 2178 862 2243 Siciliae
889 2196 1000 2260 regemn
1023 2179 1100 2240 miro
1129 2177 1264 2239 circum-

214 2277 300 2359 venti
322 2277 459 2362 ingenio,
482 2295 582 2358 usque
603 2278 794 2360 udentrema
809 2279 1032 2359 desperationis
1046 2277 1173 2342 adducti
1190 2281 1264 2340 sunt.

213 2372 352 2457 Namque
374 2377 576 2466 Agathocles,
604 2397 678 2460 curn¹
694 2379 783 2460 apud·
800 2378 966 2461 Syracusas
988 2396 1005 2440 a
1028 2375 1264 2457 Carthaginien-

213 2475 299 2539 sibus
321 2476 525 2562 obsideretur,
547 2499 583 2543 ao
605 2499 639 2549 se
655 2498 759 2560 neque
774 2479 856 2542 bello
871 2497 974 2560 parem
990 2478 1142 2544 instructu
1159 2477 1265 2557 copia-

215 2594 299 2655 rum,
327 2596 429 2660 neque
456 2581 625 2645 obsidionis
652 2584 818 2660 patientem
841 2579 1062 2660 stipendiorum
1084 2575 1266 2650 sufficientia

218 2670 308 2758 [229]
331 2678 467 2756 videret,
490 2680 571 2758 bene
593 2683 716 2761 proviso
739 2698 775 2743 ac
798 2680 907 2742 melius
930 2677 1119 2742 dissimulato
1141 2675 1267 2740 consilio

216 2776 250 2860 in
271 2774 405 2860 lllricarn
428 2797 498 2842 eum
520 2782 668 2857 exercitu.
691 2782 813 2858 transit,
841 2779 884 2842 ibi
912 2779 992 2856 suis,
1022 2778 1096 2859 quid
1119 2777 1266 2847 moliatur,

216 2879 335 2960 aperit:
355 2880 478 2959 deinde,
501 2881 574 2961 quid
591 2880 671 2942 lactc
686 2897 763 2960 opus
778 2881 828 2958 sit,
851 2880 949 2944 docet.
985 2877 1071 2940 lllico
1087 2876 1268 2940 unanimiter
1307 2921 1308 2930 ,

219 2995 316 3058 naues
343 2981 498 3058 primum,
518 2982 550 3043 in
573 2981 825 3061 quibus'venere
848 2979 1034 3056 incendunt,
1058 2976 1098 3043 ne
1121 2995 1181 3058 qua
1204 2989 1267 3054 spes

217 3075 400 3164 refugiendi²
421 3079 510 3160 foret,
553 3080 678 3161 Ilebinc
702 3100 771 3158 cum
801 3082 918 3158 omnin,
940 3083 973 3142 in
996 3097 1081 3160 quae
1098 3078 1265 3148 direxisset,

219 3185 447 3264 prosterneret,
460 3181 549 3260 uillas
571 3183 760 3264 castellaque
780 3182 971 3257 incenderet,
988 3180 1150 3243 Annonem
1168 3193 1265 3258 quen·

219 3278 295 3362 clem¹
310 3299 380 3366 cuum
402 3284 527 3366 triginta
544 3283 680 3355 millibus,
693 3286 864 3348 Poenorum
888 3282 1011 3344 obvium
1033 3279 1155 3352 lieboit3
1181 3291 1265 3358 quen

142 3441 153 3448 ,
221 3395 291 3440 oum
313 3380 434 3446 duobus
456 3384 591 3446 millibus
618 3402 745 3454 suorum
773 3381 938 3446 interiecit.
982 3379 1049 3460 lpse
1072 3385 1174 3440 autem
1197 3377 1266 3438 duos

222 3482 344 3560 tantum,
361 3482 393 3542 in
416 3500 454 3543 eo
476 3482 558 3547 bello
581 3484 721 3562 perdidit.
767 3485 833 3558 Qua
855 3500 957 3564 pugne
980 3488 1011 3544 el
1033 3479 1178 3550 Afrorum
1201 3475 1265 3538 8¹¹5·

221 3578 279 3640 mis
307 3579 530 3646 incredibiliter
556 3581 662 3646 fractis
689 3591 721 3645 et
746 3601 871 3645 suorum
900 3583 933 3643 in
960 3583 1143 3644 immensum
1166 3577 1266 3647 auctis,

222 3678 315 3760 urbes
337 3683 525 3764 castellaque
547 3691 714 3764 expugnat,
737 3683 864 3762 praedas
880 3683 1023 3763 ingentes
1046 3680 1119 3761 agit,
1143 3679 1266 3743 bostium

223 3779 319 3842 multa
341 3783 434 3846 millia
457 3784 596 3846 trucidat.
640 3767 745 3844 Castra
770 3781 883 3845 deinde
910 3781 948 3844 ad
977 3783 1117 3861 quintum
1145 3778 1267 3858 lapidem

223 3894 240 3936 a
269 3879 452 3962 Cartbagine
478 3884 600 3959 statuit,
633 3889 676 3954 ut,
701 3881 808 3944 damna
841 3898 944 3944 rerum
978 3880 1266 3962 opulentissimarum

222 3978 487 4062 vastationemque
519 3998 662 4062 agrorum
696 3989 727 4044 et
760 3981 903 4046 incendia
936 3981 1076 4044 villarum
1110 3981 1150 4044 de
1183 3975 1267 4050 muris
