2634 4434
720 297 770 368 20

218 553 342 616 causas,
364 543 397 598 ct
418 533 580 598 conterant
601 550 731 616 poenasz
766 551 846 614 qnae
871 551 890 594 a
919 551 968 594 mc
994 533 1046 594 vel
1073 535 1209 598 maxime
1235 536 1267 599 ob

217 635 277 700 hoc
298 638 509 700 retractandae
532 651 594 698 non
616 642 703 712 sunt,
732 637 804 714 quia
832 633 975 696 omnibns
995 641 1088 696 uotae
1110 643 1192 699 sunt.
1236 637 1268 697 lu
1300 642 1301 645 ’

219 746 318 800 tamen
343 756 434 819 quam
462 737 596 799 libenter
623 737 793 798 sententias
820 751 926 796 eorum
954 736 1144 815 acciperem,
1172 738 1201 797 si
1230 737 1267 799 illi
1300 770 1301 819 p

217 837 350 900 fideliter
378 839 420 899 ita
447 845 481 898 ut
508 836 647 898 sentiunt
677 834 864 898 faterentur:
899 852 1084 915 quamquam
1117 837 1203 916 quod
1234 838 1267 899 da
1300 846 1301 905 ἒ

218 936 407 1018 temporibus
430 935 608 1000 Christianis
633 937 711 1016 rari,
741 944 773 999 et
793 935 852 998 hoc
873 937 904 999 in
928 935 1049 1017 angulis
1069 944 1267 1014 murmurent

219 1055 403 1119 nouusque
431 1037 509 1101 adeo
537 1035 666 1100 moleste
693 1037 905 1117 accipiendum
932 1042 1052 1116 putem,
1080 1055 1150 1098 cum
1179 1039 1267 1099 totius
1300 1044 1301 1077 r

217 1137 322 1218 populi
348 1137 476 1203 Romani
503 1154 638 1200 consona
665 1153 759 1215 voce,
790 1137 920 1218 parique
943 1137 1062 1218 judicio
1094 1154 1207 1199 seusus
1237 1155 1267 1200 ac

112 1278 114 1280 -
217 1255 320 1302 sermo
352 1241 392 1302 sit
424 1241 575 1321 cognitus.
620 1237 709 1300 Adeo
736 1243 838 1300 autem
865 1255 961 1317 parvo
989 1237 1121 1316 quodam
1150 1246 1184 1300 et
1211 1238 1267 1300 leri

219 1346 306 1402 motu
328 1339 495 1402 haesitasse
517 1357 591 1421 erga
618 1355 653 1401 se
679 1355 844 1419 parumper
871 1339 1126 1400 consuetudinem
1158 1340 1266 1419 volup-

218 1447 313 1501 tatum
342 1435 598 1502 indubitatissime
621 1445 810 1501 contestatus
832 1446 895 1516 est,
917 1448 952 1500 ut
973 1439 1071 1501 libere
1093 1440 1267 1502 conclama-

220 1537 285 1623 [44]
308 1548 371 1619 ret,
398 1536 441 1605 Si
468 1540 640 1623 reciperet
660 1535 814 1622 Git‘cram,
834 1537 922 1602 utha
940 1557 1020 1604 care
1039 1537 1267 1624 satifactum:
1300 1564 1301 1583 1

217 1640 277 1703 huc
300 1649 357 1722 est,
379 1642 455 1704 nihil
478 1643 580 1724 egisse
602 1641 716 1702 Romae
732 1639 899 1702 Gothorum
922 1658 1014 1703 enses
1036 1643 1062 1704 si
1083 1642 1268 1703 concedatur

217 1741 361 1804 Rauracis
388 1751 527 1823 spectare
551 1742 721 1811 Circenses.
764 1740 831 1802 Nisi
852 1740 933 1802 sorte
955 1739 1001 1820 (ut
1020 1758 1056 1802 se
1076 1740 1171 1804 habet
1192 1741 1268 1822 apud

218 1841 383 1921 plerosque
406 1844 464 1903 hoc
486 1843 651 1922 praecipue
674 1839 823 1921 tempure)
846 1843 899 1920 qui
921 1859 962 1904 ex
983 1842 1075 1923 leuga
1096 1844 1208 1922 requie
1221 1842 1268 1904 rel

218 1959 340 2021 parvum
357 1942 493 2004 obortam
509 1941 749 2018 solicitudinem,
765 1941 988 2004 intolerabilem
1005 1941 1140 2005 laborem
1153 1949 1268 2023 putant,

217 2041 272 2103 has
295 2043 548 2105 clementissimas
571 2041 811 2104 admonitiones:
841 2043 955 2124 quibus
977 2061 1084 2105 omnes
1105 2043 1268 2124 aliquando

217 2144 462 2224 perstringimur,
485 2143 613 2204 aliorum
634 2143 846 2222 punitionibus
867 2143 979 2206 auditis
1001 2143 1153 2224 lectisque
1175 2163 1267 2224 prae·

217 2251 351 2321 ponunt:
387 2262 464 2323 quos
497 2243 604 2305 saltem
637 2244 677 2306 de
708 2241 768 2304 hoc
795 2245 861 2324 ipso
889 2246 975 2307 exitu
1004 2244 1205 2308 Sodomorum
1239 2250 1269 2304 et

215 2339 473 2404 ‘Gomorraeorum
496 2361 617 2422 moneo,
641 2351 676 2406 ut
697 2345 819 2406 discere
841 2352 935 2425 atque
957 2345 1134 2427 intelligere
1155 2350 1269 2425 queant
1300 2348 1301 2405 i

206 2443 349 2522 qualiter
371 2445 455 2508 Deus
483 2452 661 2525 peccatores
687 2447 838 2526 punierit,
867 2444 1000 2526 qualiter
1027 2448 1137 2527 punire
1164 2446 1267 2524 possit,

218 2543 350 2621 qualiter
371 2547 533 2625 puniturus
555 2549 603 2608 sit.
1300 2532 1301 2539 ἵ

218 2827 284 2915 [45]
564 2794 761 2936 taput
810 2796 924 2908 tlt.

1300 3030 1301 3113 u

217 2999 274 3068 De
292 3001 425 3084 proelio
451 2999 543 3068 irater
567 3000 750 3070 Telchines
779 3007 812 3070 ct
837 3002 1044 3088 Curprdha'oa
1070 3010 1107 3070 et
1132 3003 1270 3072 Phoro—
1300 2990 1301 3027 l

166 3145 169 3150 -
341 3121 467 3168 nucum
488 3122 611 3187 nepem.
654 3103 743 3172 Item
769 3108 812 3173 de
834 3108 961 3173 diluam
982 3105 1146 3173 Achaiae.
1300 3130 1301 3191 p

302 3258 383 3318 Ante
406 3275 502 3320 anuos
525 3259 667 3322 conditae
689 3263 774 3325 urbis
797 3262 914 3325 mlxx.
951 3262 1113 3325 Telchines
1136 3270 1169 3324 et
1191 3263 1269 3324 Car·

217 3347 317 3436 pathii,
334 3358 481 3435 peruicax
503 3360 650 3437 praelium
674 3362 821 3425 adversus
844 3361 1052 3438 Phoroneum,
1074 3380 1182 3444 regem
1205 3363 1270 3424 Ar·
1300 3370 1301 3377 ’

218 3452 284 3539 [46]
306 3458 447 3538 givorum
471 3465 502 3519 et
517 3459 702 3541 Parapasios,
725 3463 850 3542 ancipiti
873 3481 927 3543 spe
949 3464 1017 3525 siue
1039 3461 1142 3524 sructn
1164 3465 1271 3525 victo-
1300 3472 1301 3539 ξ

218 3558 283 3618 riae
305 3566 476 3637 gesserunt.
519 3559 666 3642 Idemque
688 3561 850 3624 Telchines
872 3570 904 3625 et
924 3562 1077 3644 Carpathii
1099 3570 1168 3643 post
1188 3583 1271 3645 pau·
1300 3542 1301 3593 ³

217 3656 312 3718 lulum
329 3656 411 3720 bello
426 3660 511 3738 victi,
528 3665 623 3741 patria
638 3659 772 3742 profugi,
794 3662 955 3744 ignarique
970 3681 1085 3741 rerum,
1108 3664 1273 3726 credentes

218 3753 282 3839 [dl]
312 3759 395 3838 quod
422 3776 456 3821 se
478 3763 601 3840 penitus
623 3779 640 3823 a
662 3775 832 3840 congressu
855 3764 948 3826 tutius
970 3763 1123 3826 humanae
1144 3763 1272 3826 habita·
1300 3752 1301 3831 Ϊ

217 3857 310 3919 tionis
331 3855 553 3936 abstraherent,
575 3858 714 3920 Rhodum
737 3861 878 3940 ursulam,
901 3882 983 3944 quae
1006 3863 1158 3944 Ophiussa
1181 3871 1273 3926 antea

211 3956 398 4036 ¹vocabatur,
424 3959 513 4038 quasi
535 3963 630 4020 tutam
652 3963 878 4037 possessionem
899 3971 1059 4044 ceperunt.
1103 3965 1187 4028 Ante
1210 3981 1273 4028 an·
