2634 4434
578 283 847 380 ‘322'

596 411 804 424 —nn—-fl-

174 545 278 610 biliter
303 546 531 624 commonebat,
559 541 648 612 Oam
673 563 736 610 coa
756 539 1080 630 percontabatur
1099 545 1138 612 in
1161 565 1243 613 una

174 648 325 725 civitate,
348 644 457 732 fugite
482 648 519 710 in
545 645 665 727 adam,
698 647 838 726 quisquis
868 646 974 726 egredi
1007 647 1104 710 vellet
1127 657 1242 730 atque

174 745 276 822 abire,
304 750 378 827 ipsis
407 747 542 808 barbaris
564 747 763 809 mercenariis
785 745 930 806 ministris
953 765 989 807 ae
1011 746 1240 810 defensoribus

174 853 322 909 uteretur.
366 847 432 908 lloo
454 854 526 908 tunc
548 847 628 907 ultro
650 845 709 924 ipsi
734 844 913 907 offerebam.
956 844 995 906 Et
1023 847 1077 927 qui
1104 847 1239 908 auferre

174 947 276 1008 omnia
303 946 475 1008 intersectis
499 945 649 1007 ‘omnibus
682 951 838 1025 poterant,
872 934 1048 1024 particulam
1083 946 1237 1025 stipendii

174 1044 214 1105 ab
234 1048 410 1108 ‘mercedem
435 1047 554 1108 servitii
581 1046 630 1107 sui
657 1052 689 1107 et
717 1046 884 1106 transvecti
911 1045 1013 1106 oneris
1040 1044 1234 1126 flagitabant.

174 1143 213 1205 Et
240 1144 299 1206 boc
326 1146 449 1225 quidem
465 1163 494 1231 a
522 1146 659 1226 plurimis
689 1144 813 1207 iactum.
835 1151 890 1206 est.
936 1145 996 1217 Qui
1027 1150 1133 1206 autem
1168 1163 1234 1208 uon

174 1245 372 1307 crediderunt
393 1245 561 1328 Evangelio
583 1247 652 1323 Dei,
676 1246 763 1325 quasi
786 1252 992 1321 contumaces,
1014 1243 1066 1305 vel
1087 1245 1115 1306 si
1139 1248 1233 1307 etiam

174 1362 236 1406 nan
258 1329 432 1423 audierunt,
455 1346 617 1425 dupliciter
640 1353 847 1425 contumaces,
868 1361 930 1405 non
953 1344 1106 1406 dederunt
1129 1345 1231 1408 locum

174 1447 249 1524 irae,
266 1447 350 1524 juste
373 1465 389 1508 a
411 1447 651 1526 superveniente
673 1447 718 1517 ira
741 1445 913 1524 comprensi
936 1451 967 1506 et
989 1446 1128 1524 oppressi
1148 1453 1231 1508 sunt.

174 1545 365 1625 Quamquam
388 1552 419 1606 et
441 1554 508 1626 post
530 1547 589 1607 boc
611 1563 736 1625 quoque
759 1546 905 1606 continuo
920 1543 1052 1622 barbari,
1076 1547 1233 1608 exsecrati

173 1643 290 1724 gladios
312 1662 395 1722 suos,
417 1646 454 1706 ad
477 1652 576 1708 aratra
595 1647 737 1710 conversi
753 1651 835 1719 sunt,
857 1627 1060 1724 residuosque
1075 1643 1232 1708 Romanos

174 1751 209 1805 ot
231 1746 332 1806 socios
354 1745 443 1806 modo
466 1753 498 1807 et
519 1748 633 1808 amicos
656 1746 773 1824 lavent,
795 1753 830 1806 ut
852 1746 1048 1807 inveniantur
1065 1745 1130 1824 jam
1150 1746 1231 1806 inter

173 1861 227 1905 eos
250 1845 372 1924 quidam
394 1844 537 1923 Romani,
567 1849 620 1926 qui
648 1848 754 1908 malint
782 1848 862 1907 inter
890 1844 1034 1907 barbaros
1062 1863 1229 1924 pauperem

173 1944 362 2021 liberiorem,
390 1964 481 2025 quam
503 1949 584 2009 inter
604 1947 756 2008 Romanos
778 1947 966 2034 tributariam
989 1945 1250 2008 sollicitudinem,

173 2041 263 2117 [580]
286 2047 448 2108 sustinere.
494 2048 682 2127 Quamquam
705 2048 733 2110 si
754 2047 793 2109 ob
816 2045 874 2108 boe
895 2045 993 2107 solum
1017 2044 1140 2106 barbari
1160 2043 1225 2106 Ro-

174 2145 272 2205 manis
294 2143 405 2208 linibus
428 2147 553 2208 immissi
576 2146 693 2224 forent,
717 2146 800 2227 quod
821 2145 916 2226 vulgo
938 2163 993 2225 per
1014 2145 1174 2206 Orientem
1197 2151 1228 2204 et

173 2243 371 2307 Occidentem
394 2245 552 2309 Ecclesiae
580 2246 692 2309 Christi
719 2245 838 2308 Hunnis
866 2252 898 2306 et
926 2245 1053 2322 SueriS,
1082 2245 1226 2306 Vandalis

172 2350 205 2405 et
232 2343 517 2424 Burgundionibus,
551 2348 746 2427 diversisque
778 2353 809 2408 et
838 2347 1008 2407 innumeris
1035 2346 1225 2406 credentium

172 2443 292 2522 populis
314 2447 487 2526 replentur,
516 2447 667 2509 laudanda
690 2453 720 2508 et
742 2446 915 2508 adtollenda
937 2447 995 2507 Dei
1017 2445 1225 2508 misericordia

173 2544 344 2606 videretur:
368 2547 660 2627 ¹quandoquidem,
684 2547 742 2608 etsi
778 2565 846 2608 eum
881 2545 1086 2608 labefactione
1118 2545 1225 2621 nostri,

174 2651 276 2706 tantae
308 2654 417 2728 gentes
449 2650 637 2729 agnitionem
668 2647 804 2708 veritatis
832 2648 1024 2726 acciperent,
1053 2646 1223 2726 quamin-

174 2747 282 2808 venire
304 2749 411 2828 utique
434 2751 493 2811 nisi
515 2749 573 2810 bae
595 2749 756 2810 occasione
779 2765 840 2808 non
863 2753 996 2827 possent.
1042 2746 1121 2820 Quid
1145 2748 1223 2808 enim

175 2845 275 2908 damni
292 2854 339 2908 est
354 2848 536 2927 Christiano,
556 2851 592 2910 ad
609 2851 700 2911 vitam
717 2853 872 2908 aeternam
895 2846 1034 2921 inhianti,
1058 2847 1130 2908 buic
1151 2865 1222 2908 sae-

174 2947 244 3008 culo
273 2949 411 3026 quolibet
440 2956 576 3028 tempore
605 2957 636 3010 et
670 2965 793 3026 quoquo
827 2953 914 3024 pacto
948 2943 1101 3010 abstrabi‘l
1147 2948 1224 3020 Quid

174 3055 276 3109 autem
299 3048 376 3107 lucri
404 3055 451 3108 est
476 3065 594 3129 pagana
622 3049 652 3108 in
683 3045 782 3106 modio
812 3045 1050 3108 Christianorum
1079 3047 1224 3109 adversus

174 3146 264 3210 iidem
288 3147 452 3226 obdurato,
480 3148 506 3209 si
528 3148 618 3227 paulo
641 3148 755 3208 diutius
779 3146 859 3207 diem
881 3147 1050 3227 protrahat,
1082 3149 1223 3226 quando-

175 3249 297 3328 quidem
328 3251 474 3311 morituro
504 3250 663 3329 desperata
693 3247 853 3307 conversio
887 3245 953 3311 esti
997 3247 1035 3308 Et
1068 3250 1140 3328 quia
1172 3251 1222 3308 in-

175 3343 308 3410 ellabiliai
330 3357 402 3411 sunt
419 3351 535 3431 judicia
557 3351 631 3426 Dei,
658 3365 737 3428 quae
754 3353 819 3408 ‘nec
840 3349 919 3410 scire
943 3349 1061 3427 omnia,
1084 3366 1144 3409 neo
1162 3367 1222 3410 ex-

175 3449 300 3529 plicare,
323 3468 402 3531 quae
417 3451 541 3527 scimus,
558 3465 729 3529 possumus,
745 3448 881 3510 breviter
897 3450 1099 3528 expresserim
1117 3465 1221 3510 corre-

174 3551 308 3629 ptionem
328 3550 441 3630 judicis
463 3549 535 3627 Dei,
560 3568 683 3630 quoquo
706 3557 794 3629 pacto
817 3533 948 3628 accidat,
967 3550 1052 3629 juste
1074 3550 1222 3612 sustinere

175 3651 229 3729 qui
250 3652 366 3728 sciunt,
385 3650 468 3730 juste
490 3652 642 3714 sustinere
666 3653 719 3730 qui
742 3651 891 3714 nesciunt.
