2634 4434
512 332 719 443 Aa„

89 563 169 627 lerro
192 553 411 629 vindicandam.
456 568 563 629 Primis
589 568 696 649 itaque
724 567 883 631 calonibus
908 586 979 631 cum
1006 571 1155 650 clamore¹

89 665 119 726 in
140 684 272 747 pugnam
294 666 457 731 ruentibus
478 667 664 731 subsecutus
686 669 852 746 exercitus,
876 685 947 730 mox
964 670 1049 749 justo
1063 691 1139 736 cer-

88 769 200 828 tamine
222 769 397 848 oompositis
420 768 579 831 ordinibus
602 769 716 831 bellum
738 776 871 854 gestum,
894 776 926 831 et
948 771 1054 834 vicere
1073 773 1141 834 Ro-

87 869 175 931 mani.
221 870 335 942 Quarto
358 869 408 931 die
430 888 537 933 rursus
563 871 730 951 productae
758 871 914 950 utrimque
941 871 973 932 in
1002 889 1140 951 campum

86 968 168 1031 acies
191 986 290 1049 usque
313 969 350 1032 ad
372 972 530 1034 meridiem
553 990 652 1051 paene
675 972 740 1050 pari
760 989 938 1052 pugnavere
953 971 1141 1035 discrimine,

85 1066 156 1130 Post
169 1069 223 1131 ubi
238 1070 445 1133 incalescente
468 1072 533 1135 sole
549 1071 631 1133 fluxa
648 1071 801 1133 Gallorum
818 1087 945 1151 corpora
965 1074 997 1133 in
1018 1072 1141 1135 modurn

85 1170 202 1231 nivium
225 1170 450 1250 distabuerunt,
474 1188 572 1251 usque
595 1173 626 1234 in
650 1178 771 1233 noctem
794 1171 905 1233 caedes
927 1173 1029 1252 potius
1051 1190 1142 1253 quarn

85 1286 187 1351 pugna
202 1277 354 1351 protracta
370 1278 424 1333 est.
458 1271 598 1335 Ducenta
622 1271 715 1335 millia
737 1280 920 1335 armatorum
943 1274 976 1335 in
998 1289 1037 1335 eo
1059 1273 1143 1336 bello

83 1370 248 1433 interiecta
263 1378 346 1449 sunt,
369 1375 523 1455 octoginta
544 1373 636 1437 millia
652 1380 750 1454 capta,
772 1374 826 1435 vix
841 1374 898 1435 tria
915 1372 1008 1436 millia
1024 1372 1143 1456 fugisse

82 1470 272 1535 referuntur
317 1472 388 1533 Dux
417 1490 542 1553 quoque
571 1492 677 1536 eorum
705 1438 902 1536 'l'eutobfflus
931 1475 1052 1536 occisus
1085 1482 1140 1539 est

81 1568 233 1631 Mulieres
252 1588 358 1632 eorum
379 1574 586 1635 constantiore
604 1574 717 1651 animo,
735 1592 824 1653 quam
841 1575 868 1636 si
884 1573 1043 1652 vicissent,
1058 1592 1140 1657 oon-

82 1669 214 1731 suluere
237 1671 406 1749 consulem,
429 1678 473 1749 ut,
496 1673 522 1733 si
545 1672 691 1734 inviolata
705 1674 844 1734 castitate
858 1672 1031 1753 virginibus
1046 1650 1143 1736 sacris

83 1789 120 1832 ac
145 1771 203 1833 diis
230 1772 428 1833 serviendum
456 1780 554 1850 esset,
582 1772 674 1834 vitam
702 1771 763 1835 sibi
789 1779 992 1834 reservarent
1035 1772 1144 1855 ltaque

83 1890 156 1933 curn
172 1873 266 1951 petita
286 1888 349 1932 non
371 1872 626 1953 impetravissent,
650 1872 871 1953 parvulissuis
892 1871 931 1933 ad
952 1890 1025 1935 saxa
1048 1874 1142 1937 eolli-

83 1974 140 2050 sis,
163 1979 293 2034 cuuctae
316 1989 385 2033 sese
407 1972 490 2035 ferro
512 1992 547 2037 ac
570 1974 737 2054 suspendio
758 1978 963 2054 peremerunt
997 1973 1080 2037 llaec
1103 1974 1143 2037 de

83 2073 241 2154 Tigurinis
268 2079 299 2133 et
325 2072 533 2135 Ambronibus
560 2081 647 2155 gesta
674 2081 755 2137 sunt.
798 2074 953 2136 Teutones
980 2082 1082 2137 autem
1112 2082 1145 2138 et

85 2173 219 2252 Cimbri,
242 2174 371 2255 integris
394 2175 489 2255 copiis
511 2173 635 2255 Alpium
658 2176 747 2236 nives
770 2175 904 2251 emensi,
926 2171 1032 2236 ltaliae
1054 2174 1144 2253 plana

84 2281 300 2354 pervaserant:
329 2274 434 2355 ibique
463 2294 531 2337 cum
559 2274 693 2357 rigidum
720 2291 820 2355 genus
849 2274 902 2336 diu
929 2272 1023 2335 blan·
1052 2271 1150 2349 [3301

86 2374 227 2437 dioribus
250 2377 343 2452 auris,
366 2377 495 2457 poculis,
518 2377 594 2438 cibis
611 2394 646 2437 ac
664 2375 791 2436 lavacris
807 2373 1008 2450 emolliretur,
1031 2373 1144 2435 ilarius
1201 2406 1206 2418 ι

87 2476 230 2554 quintum
261 2476 370 2539 consul
398 2482 430 2537 et
457 2475 582 2538 Catulus
610 2476 773 2535 adversum
803 2479 857 2534 e'os
890 2474 990 2548 missi,
1023 2472 1074 2532 die
1104 2472 1146 2533 ad

87 2594 224 2657 pugnam
260 2584 291 2639 et
324 2592 430 2653 campo
464 2574 550 2651 dato,
583 2572 745 2634 Annibalis
778 2573 878 2635 secuti
915 2572 1074 2653 ingenium
1112 2573 1145 2634 in

87 2676 204 2739 nebula
228 2677 407 2756 disposuere
429 2692 577 2756 pugnam,
600 2672 633 2735 in
661 2670 728 2735 sole
750 2682 933 2754 pugnarunt.
976 2672 1074 2735 Prima
1096 2672 1145 2734 si-

89 2777 215 2858 quidem
243 2776 431 2857 perturbatio
459 2774 612 2837 Gallorum
641 2771 716 2850 luit,
745 2772 827 2853 quod
854 2772 1020 2834 Romanam
1047 2772 1146 2833 aciem

88 2878 176 2959 prius
199 2877 357 2940 ollendere
380 2877 565 2957 dispositam,
589 2893 680 2956 quam
703 2873 812 2936 adesse
834 2878 1007 2935 senserunt
1048 2870 1146 2933 Cum·

90 2996 154 3059 que
174 2978 257 3040 illico
281 2978 431 3039 vulnerati
455 2979 575 3058 equites
597 2984 681 3039 retro
703 2976 736 3037 in
758 2991 832 3038 suos
860 2979 1063 3056 cogerentur,
1091 2953 1145 3034 to-

89 3086 217 3159 tamque
239 3078 464 3141 multitudinem
487 3077 666 3155 indisposite
692 3074 792 3135 adhuc
819 3075 1035 3137 adventantem
1064 3089 1146 3134 con-

91 3178 269 3257 turbarent,
292 3187 324 3241 et
345 3180 392 3241 sol
418 3196 486 3240 cum
514 3182 609 3237 vento
632 3180 717 3236 ortus
745 3191 786 3235 ex
807 3173 937 3235 adverso
959 3172 1147 3247 emicuisset,

90 3282 178 3343 visus
201 3298 307 3341 eorum
329 3280 430 3360 pulvis
453 3277 589 3358 opplevit
611 3282 642 3337 et
670 3272 814 3352 splendor
835 3272 1008 3347 hebetavit,
1030 3271 1072 3332 ita
1094 3269 1146 3333 fa-

93 3387 176 3443 ctum
210 3388 271 3457 est,
301 3386 335 3441 ut
369 3385 451 3441 tanta
485 3396 521 3439 ac
553 3383 613 3437 tam
647 3372 793 3435 terribilis
828 3371 991 3435 multitudo
1023 3371 1149 3433 minima
1176 3419 1178 3423 .

91 3481 299 3542 Romanorum
326 3480 429 3561 clade,
457 3496 511 3541 sua
540 3482 640 3538 autem
667 3473 771 3536 ultima
794 3474 1007 3536 internecione
1030 3471 1147 3534 caede-

91 3588 187 3643 retur.
234 3580 361 3642 Centum
396 3580 597 3660 quadraginta
629 3574 723 3639 millia
756 3591 862 3637 eorum
896 3582 970 3636 tunc
1002 3574 1034 3633 in
1066 3566 1150 3629 bello

95 3697 196 3757 caesa,
219 3682 378 3762 sexaginta
402 3680 505 3744 milliax
518 3685 604 3757 capta
628 3677 779 3739 dicuutur.
815 3674 960 3736 Mulieres
975 3668 1149 3751 graviorem

93 3798 194 3859 paene
217 3782 394 3859 excitavere
416 3797 559 3861 pugnam,
583 3796 664 3859 quae
683 3776 825 3858 plaustris
840 3776 872 3834 in
888 3772 1010 3833 modum
1026 3770 1149 3827 castro-

93 3898 162 3941 rum
187 3880 427 3943 circumstructis
450 3880 533 3959 ipsae
556 3886 658 3940 autem
681 3878 814 3955 desuper
842 3872 1070 3951 propugnantes
1097 3861 1151 3926 diu

92 3980 240 4063 repulere
261 3980 422 4043 Romanos.
468 3978 533 4043 Sed
556 3995 625 4037 cum
653 3976 691 4037 ab
719 3974 767 4035 lris
795 3986 877 4032 novo
904 3968 1007 4030 caedis
1033 3979 1152 4046 genere

943 4080 998 4132 rar
