2634 4434
548 338 620 412 tit't

477 438 687 452 m

54 589 179 654 quoque
201 571 352 636 Domitius
373 574 559 654 proconsule
581 574 767 657 Allobroges
785 573 888 639 Gollos
905 577 995 657 juxte
1014 580 1108 659 oppi-

52 674 123 735 dum
147 672 319 737 Vindalium
341 675 525 756 grovissimo
547 675 630 739 bello
659 677 751 754 civit,
779 677 911 739 monime
937 695 1009 739 eum
1035 678 1108 742 ele·-

51 773 233 853 plrantorum
256 792 336 837 nova
363 774 460 838 formo
490 776 564 857 equi
591 776 725 841 bostium
752 776 921 856 hostesque
948 780 1110 843 conterriti

50 874 260 957 diffugissent3
284 877 393 958 viginti
417 877 511 940 millio
533 876 577 941 ibi
592 877 794 960 Allobrogum
812 893 903 941 ooeso
918 876 1111 955 referuntur,

49 976 104 1037 tria
136 975 229 1037 millia
258 984 345 1057 oepte
373 984 452 1040 sunt
496 977 611 1041 Eodem
635 986 773 1059 tompore
795 977 895 1041 Aetne
918 994 1006 1043 mons
1028 977 1110 1041 ultre

48 1074 172 1137 solitum
201 1078 330 1154 exarsit,
361 1083 393 1138 et
425 1078 613 1141 torrentibus
646 1079 747 1159 igneis
779 1076 951 1157 superfusis
983 1078 1108 1156 lateque

47 1176 325 1239 oirouniluentibus
358 1178 501 1240 Catonum
534 1178 643 1241 urbem
677 1178 819 1258 finesque
851 1178 919 1257 ejus
945 1178 1107 1257 oppressit,

47 1276 86 1336 itu
111 1283 147 1337 ut
169 1284 249 1339 tecta
271 1278 393 1341 sedium
417 1277 523 1341 solidis
546 1278 704 1341 cineribus
726 1286 868 1359 praeusto
896 1286 929 1340 et
954 1294 1106 1359 praegre-

47 1383 114 1437 vota
133 1386 329 1441 corruerent:
354 1380 441 1461 cujus
456 1378 605 1441 levandae
620 1378 716 1443 clodis
730 1396 834 1457 eausa,
856 1387 982 1443 senatus
997 1378 1106 1444 terem

44 1492 198 1538 annorum
222 1478 383 1561 vectigalia
406 1478 628 1543 Catanensibus
650 1478 775 1545 remisit.

283 1692 285 1698 ¹
391 1728 589 1868 tepet
636 1727 761 1841 llll.
1012 1757 1103 1845 [net

44 1928 182 1998 Fabius
215 1935 338 1998 constet
368 1929 536 2001 Bituitum
560 1954 676 2019 regem
701 1934 939 2005 Aruernorum
969 1931 1104 2014 mnpnir

84 2034 195 2117 copiis
216 2034 423 2101 instructum
450 2055 528 2107 etum
552 2038 677 2121 paucis
700 2032 807 2121 stertit,
835 2034 876 2118 Q.
897 2032 1060 2133 Moretur

399 2139 486 2204 ulios
509 2132 628 2204 Gallos
645 2135 745 2225 studit.

130 2289 221 2351 Anno
243 2290 282 2353 nb
304 2290 385 2354 Urbe
407 2292 530 2357 condito
551 2292 736 2355 DGXXVlll.
779 2290 890 2353 letius
911 2286 1021 2352 eonsul
1042 2285 1099 2353 Bi·

45 2392 133 2471 tuito,
148 2392 216 2473 regi
230 2391 439 2455 Arvernorum
455 2393 572 2457 Galliae
588 2394 731 2470 civitatis,
752 2392 867 2455 bellum
889 2390 1024 2453 mommo
1044 2389 1099 2451 in·

43 2498 163 2553 structu
189 2494 376 2571 comparenti
404 2493 481 2555 odeo
508 2512 578 2555 oum
606 2510 701 2573 porro
730 2491 872 2554 exercitu
893 2489 1044 2562 oecurrit,
1065 2492 1102 2547 ut

44 2590 177 2655 Bituitus
199 2597 382 2673 paucitatem
398 2592 602 2655 Romanorum
617 2594 672 2655 vix
684 2592 724 2655 sd
738 2608 842 2655 mm
859 2588 999 2665 mnibus,
1021 2602 1101 2665 quos

45 2692 75 2753 in
101 2694 226 2775 agmine
253 2693 401 2771 babebat,
435 2693 579 2757 sustinere
612 2712 705 2776 posse
728 2694 869 2776 jootoret.
913 2690 975 2764 Qui
1008 2682 1099 2761 rstttt]

44 2810 112 2855 oum
137 2794 197 2857 sibi
218 2796 256 2857 ed
285 2794 512 2859 transferendos
539 2796 658 2877 oopiss,
686 2811 782 2856 uuum
808 2799 934 2873 pontem
953 2788 1101 2851 ‚nonnam

45 2892 179 2959 {luminis
201 2913 306 2977 perum
329 2912 398 2959 esse
420 2895 624 2978 intelligeret,
652 2896 746 2957 olium
768 2892 935 2974 oompuotis
956 2886 1103 2954 lintribus

46 2997 226 3078 catenisque
254 3014 444 3076 connexum,
473 2998 669 3079 superstratis
696 2994 889 3075 confixisque
910 2990 1023 3055 tubulis
1044 2990 1099 3051 in-

46 3099 165 3161 struxit.
213 3098 360 3161 Couserto
381 3114 485 3179 pugno
507 3105 538 3161 et
560 3098 613 3161 diu
637 3100 775 3179 grevitm
798 3096 912 3177 ogituto
930 3092 1005 3155 vieti
1020 3089 1101 3153 Gelli

47 3199 253 3281 conversique
275 3200 307 3261 in
330 3197 444 3281 iugum,
467 3198 547 3275 dum
562 3198 695 3279 quisque
714 3196 776 3259 sibi
789 3197 888 3271 timet,
911 3191 1101 3278 conservetis

47 3299 220 3362 inconsulte
247 3300 420 3382 agminibus
449 3307 481 3363 et
506 3314 712 3380 praepropero
739 3298 869 3358 transitu
896 3290 999 3373 pontis
1024 3292 1101 3355 vin-

48 3400 115 3463 oulu
143 3406 309 3481 ruperunt,
335 3418 374 3462 oe
403 3418 474 3462 mox
506 3418 575 3462 ourn
609 3399 684 3479 ipsis
716 3395 861 3460 lintribus
893 3395 986 3457 mersi
1016 3401 1100 3457 suut

50 3499 176 3563 Centum
214 3502 369 3583 octoginta
406 3500 500 3563 millia
536 3506 720 3565 armatorum
756 3500 791 3560 in
821 3499 962 3561 exercito
993 3496 1102 3559 Bituiti

50 3598 143 3664 luisse
164 3601 336 3680 traduntur,
359 3620 400 3665 err
422 3600 534 3683 quibus
556 3608 679 3665 eentum
703 3599 925 3682 quinquaginta
941 3597 1035 3660 millio
1048 3594 1101 3656 vel

51 3718 136 3764 caeso
159 3702 209 3763 vel
232 3721 331 3765 merse
353 3710 432 3767 sunt.
469 3705 505 3779 Q.
528 3702 660 3769 Murrius
681 3698 791 3767 eonsul
806 3699 961 3764 (loliorum
973 3701 1101 3777 gentem

51 3801 103 3863 sub
125 3802 231 3865 redies
253 3802 377 3884 Alpium
399 3804 487 3867 sitnm
509 3804 591 3868 bello
614 3791 779 3887 eggressus
800 3808 863 3863 est:
897 3798 952 3878 qui
972 3812 1043 3855 outo
1064 3810 1101 3856 se

50 3898 191 3967 Romanis
221 3906 320 3985 copiis
348 3906 568 3986 circumseptos
601 3905 758 3981 viderent,
793 3900 938 3977 belloque
969 3896 1102 3974 imperes

51 3999 114 4068 lore
137 4004 359 4088 intelligerent,
382 4007 492 4072 oeeisis
513 3998 700 4087 oopJugibus
718 4020 758 4065 ne
778 3999 895 4075 liberis,
916 3999 949 4061 in
966 3997 1119 4062 flammos-
