2634 4434
541 324 610 394 201

472 426 681 437 un——n—-n—

51 557 170 639 rigitur.
213 558 260 619 De
282 555 416 620 Mariana
442 555 511 621 lace
537 576 632 641 rogus
662 557 807 622 Sullanae
833 557 929 619 cladis
955 575 1104 622 accensos

51 664 112 735 est,
142 660 182 721 de
209 660 267 721 isto
295 676 370 741 rogo
399 658 608 723 funestissimo
636 659 755 725 Sullani
779 658 933 721 etciailis
954 658 1028 721 belli
1049 676 1105 737 per

50 756 195 837 plurimas
217 767 366 822 terrarum
388 768 489 840 partes
512 761 655 824 ardentes
677 760 772 822 sudes
792 760 891 840 sparsi
911 764 998 835 sunt,
1019 757 1103 818 mul-

50 865 142 939 taque
171 862 314 923 incendia
343 880 383 923 ex
410 880 471 923 uno
501 860 607 925 fomite
634 860 830 925 diffuderunt
874 857 950 921 Nam
971 857 1105 938 Lepidus

50 966 80 1020 et
102 960 207 1041 Scipio
229 963 260 1024 in
283 961 384 1042 ltalia,
403 962 516 1024 Brutus
538 964 570 1025 in
593 959 707 1040 Gallia,
729 962 881 1024 Domitius
904 960 1021 1022 Cinnae
1041 976 1104 1040 gc·

49 1077 105 1122 ner
133 1062 166 1122 in
189 1060 311 1140 Africa,
342 1062 439 1124 Carbo
468 1064 499 1123 in
528 1062 660 1125 Cossura
686 1069 718 1123 et
744 1062 864 1139 Sicilia,
892 1061 1045 1140 Perperna
1073 1059 1106 1119 in

48 1159 173 1242 Liguria
196 1170 228 1225 et
249 1169 317 1242 post
339 1179 408 1223 cum
426 1161 562 1224 Sertorio
578 1163 609 1223 in
625 1162 781 1242 Hispania,
803 1162 1002 1241 omniumque
1016 1166 1105 1223 atro-

49 1261 191 1325 cissimus
218 1263 373 1326 Sertorius
400 1262 432 1323 in
461 1262 567 1325 eadem
594 1262 757 1343 Hispania,
785 1262 862 1324 liaeo
890 1268 964 1323 tuno
992 1258 1106 1335 civilia,

47 1363 96 1424 vel
120 1381 186 1443 quo
208 1364 267 1425 alia
290 1363 417 1426 dicenda
440 1370 513 1426 sunt
534 1365 670 1442 nomine,
692 1363 773 1426 bella
788 1364 960 1426 excitantes
981 1362 1020 1423 de
1042 1376 1106 1421 uuo

46 1463 157 1543 multa,
179 1463 217 1523 de
239 1480 334 1542 parvo
356 1482 466 1547 magna
488 1464 645 1541 lecerunt3
669 1463 861 1545 aisque-illis
877 1463 975 1525 tribus
989 1461 1105 1523 vastis-

45 1564 137 1624 simis
160 1561 249 1623 bellis
273 1581 351 1641 quae
374 1571 448 1628 tuno
470 1571 598 1627 externa
624 1565 830 1641 vocabantur,
857 1564 916 1626 hoo
944 1570 993 1625 est
1012 1562 1105 1623 Parn-

46 1662 190 1743 phylico,
219 1655 417 1725 Macedonico
449 1671 542 1744 atque
574 1662 759 1741 Delmatico,
792 1663 982 1727 dissimulato
1014 1664 1107 1723 etiam

47 1780 162 1845 magno
184 1762 244 1826 illo.
260 1762 466 1840 Mithridatico
493 1763 590 1846 longe,
614 1765 756 1837 omnium
778 1764 1030 1849 diutmnissimo,
1052 1762 1107 1823 iu-

48 1862 216 1937 lestissirno
245 1882 288 1937 ao,
310 1862 611 1943 sormidplosissimp:
646 1864 759 1941 deinde
787 1865 887 1939 adnm
913 1862 1109 1945 flismmensi

51 1962 229 2027 Sertoriano
257 1964 392 2025 nondum
419 1964 520 2047 linito,
549 1968 643 2030 immo
669 1968 737 2047 ipso
758 1967 858 2029 adhuc
878 1967 1005 2029 vivente
1027 1965 1106 2028 Ser-

52 2066 129 2127 torio
141 2064 201 2127 hoc
212 2064 413 2147 fugitivorum
424 2074 465 2145 et,
478 2070 628 2145 uiuamus
643 2068 753 2148 dicam,
764 2068 980 2151 gladiatorium
990 2065 1107 2129 bellum

51 2164 214 2243 inhorruit,
233 2168 295 2247 jam
311 2184 372 2228 non
387 2168 587 2247 spectandum
602 2170 719 2247 paucis,
741 2170 798 2231 sed
819 2168 936 2247 ubique
959 2174 1106 2227 metuen-

51 2265 131 2328 dum.
179 2266 268 2339 Quod
291 2268 362 2347 quia
385 2266 584 2348 lugitivorum
606 2266 723 2329 bellum
746 2268 873 2354 dicitur,
900 2267 1018 2327 nemini
1045 2265 1109 2327 vile

51 2364 201 2429 habeatur
234 2386 274 2429 ex
306 2368 439 2429 nornine.
484 2367 583 2447 Saepe
613 2368 645 2428 in
675 2386 713 2429 eo
743 2368 858 2448 singuli
884 2374 917 2429 et
942 2366 1109 2447 aliquando

52 2467 141 2529 simul
167 2486 236 2529 curn
268 2467 441 2547 agminibus
468 2466 584 2531 frustra
605 2469 723 2547 junctis
749 2467 838 2527 ambo
866 2465 1009 2528 eonsules
1036 2466 1110 2526 victi

52 2575 131 2647 sunt,
158 2567 344 2649 plurimique
367 2566 487 2627 nobiles
510 2565 661 2627 trucidati.
697 2566 759 2647 Ipsi
779 2574 882 2638 autem
904 2564 1026 2648 Fugitivi
1042 2563 1111 2645 plus

54 2685 143 2746 quam
168 2666 409 2730 centumlmillia
431 2665 531 2745 suere,
555 2669 607 2748 qui
631 2669 713 2730 caesi
735 2674 814 2731 sunt.
847 2665 894 2729 Ex
916 2684 978 2747 quo
998 2666 1109 2729 adino-

54 2784 178 2847 namus,
200 2776 235 2829 ut
256 2770 320 2850 ipsa
343 2784 377 2831 se
400 2768 577 2831 consoletur
601 2768 688 2833 ltalia
710 2768 936 2831 devexatione
958 2775 1109 2830 externo-

54 2885 119 2931 rum
151 2870 374 2950 praesentinm,
403 2887 459 2950 per
483 2870 730 2957 recordationem
756 2870 991 2951 praeteritorum
1015 2885 1111 2935 exse
1134 2873 1138 2880 '

56 2976 149 3051 atqua
172 2972 208 3033 in
227 2988 281 3053 se,
300 2978 333 3033 ot
352 2971 454 3051 ipsam.
471 2989 511 3036 se
533 2972 814 3053 incomparabiliter
841 2971 997 3045 crudelius
1024 2966 1115 3056 W

58 3070 250 3135 dilaceratam
273 3073 396 3133 noverit
415 3089 434 3135 u
456 3073 529 3135 suis.
575 3072 787 3148 Quamobrem.
803 3071 876 3140 liuic
898 3073 1113 3151 nuncapium

57 3172 208 3247 volumini
235 3173 326 3235 linem
355 3172 503 3249 fecerim,
530 3177 564 3233 ut
595 3171 677 3235 bella
703 3172 805 3244 civilia
831 3173 971 3245 salernis
996 3172 1113 3250 ultique

59 3276 222 3352 permista,
250 3273 305 3336 ael
323 3292 402 3355 quae
425 3274 507 3349 dicta
527 3279 623 3351 sunt„
638 3272 689 3335 vel
712 3274 804 3342 etiam
827 3289 908 3355 qnae
929 3278 1114 3353 sequuntur,

62 3376 131 3451 quia
154 3376 199 3438 sio
221 3376 280 3440 sihi
302 3378 384 3440 sarie
407 3382 576 3455 temporum
605 3381 639 3447 et
667 3372 756 3445 malis
780 3373 965 3454 mamilius
994 3372 1112 3444 coliae-

63 3484 176 3555 serunt,
199 3475 269 3543 libri
291 3477 398 3551 saltem
421 3476 558 3541 termino·
574 3481 764 3557 separentur.
