2634 4434
533 326 604 397 195

46 558 284 641 vigintiquatuor
305 560 474 641 praetorios
496 578 563 640 sex,
584 562 737 625 aedilitios
751 562 922 644 sexaginta,
936 572 1095 631 senatores

44 657 106 723 iero
128 662 278 725 ducentos
300 662 418 743 absque
440 662 611 725 innumeris
633 662 727 724 totius
749 662 854 725 italiae
876 665 1012 745 populis,
1041 668 1095 747 qui

43 762 149 841 passim
172 764 241 825 sino
262 764 509 826 consideratione
532 763 626 827 deleti
654 770 744 841 sunt,
774 782 853 845 quos
881 772 976 847 neget
1003 769 1094 847 quis·

42 880 141 941 quarn,
164 864 190 926 si
212 863 305 942 valet,
332 866 406 945 quin
430 848 538 927 eodem
561 864 673 941 damno
695 882 752 927 suo
773 866 884 928 vicerit
905 866 1011 944 homa,
1033 884 1095 947 quo

42 963 141 1026 amisit
167 963 261 1028 ltalia.
304 966 382 1027 Proh
408 965 522 1046 pudori
559 965 637 1027 Num
667 967 812 1045 quidnam
840 974 873 1027 et
893 967 944 1029 hic
964 984 1094 1048 compa-

41 1064 158 1126 ratione
188 1066 330 1148 ambigua
360 1073 455 1148 egent
487 1062 644 1145 temporat
680 1066 776 1126 lmmo
803 1067 854 1128 vei
881 1070 1013 1130 maxime
1039 1069 1094 1130 in-

42 1165 158 1245 quiunt.
201 1165 277 1229 Nam
301 1167 375 1247 quid
403 1173 462 1228 tam
490 1174 579 1247 apte,
609 1183 700 1246 quam
728 1166 818 1227 bellis
845 1168 987 1229 civilibus
1015 1166 1095 1230 belia

41 1266 141 1327 civilia
165 1266 400 1346 comparantur?
437 1265 588 1329 Auferte
611 1268 748 1343 dicetur,
772 1268 863 1329 etiam
886 1269 918 1329 in
940 1267 988 1330 bis
1010 1275 1095 1331 um-

39 1366 165 1445 poribus
198 1366 278 1429 bello
311 1366 414 1430 civilia
443 1384 505 1431 non
532 1365 651 1431 fuisset
688 1368 808 1441 Quibus
834 1387 854 1430 a
880 1368 969 1431 nobis
1002 1366 1094 1445 [353]

38 1466 287 1545 respondebitur,
306 1467 420 1546 justius
436 1469 560 1547 quidem
582 1468 707 1531 socialia
728 1472 834 1531 vocari
856 1479 1015 1549 oportere:
1038 1471 1095 1534 sed

37 1566 128 1627 uobis
158 1564 307 1644 proficere
336 1568 362 1627 si
392 1567 495 1629 civilia
523 1570 729 1630 nominentur.
774 1570 848 1631 Curn
877 1572 959 1632 cuim
982 1572 1094 1646 causiS,

37 1664 200 1729 vocabulis
222 1682 260 1726 ac
279 1666 390 1729 studiis
411 1668 494 1746 paria
517 1668 668 1729 docentur
689 1670 801 1749 omnia,
824 1676 888 1730 tuna
910 1670 970 1731 sibi
993 1670 1095 1731 iubis

38 1774 121 1829 tanto
143 1766 215 1846 plus
236 1766 372 1829 vindicat
385 1769 562 1831 reverentia
578 1766 768 1830 Christianae
787 1768 957 1851 religionis,
980 1776 1096 1849 quanto

39 1868 140 1929 minus
173 1868 412 1946 praesumpserit
443 1875 578 1947 potestas
611 1870 688 1931 irata
720 1870 854 1931 victoris.
912 1868 987 1932 Nam
1024 1886 1094 1931 cum

39 1968 221 2047 pierumque
249 1968 378 2047 improbi
402 1971 539 2049 tyranni,
566 1975 685 2031 temere
711 1970 891 2032 invadentes
919 1970 1093 2051 rempubii-

40 2085 102 2129 oam
125 2074 335 2148 usurpatoque
357 2070 445 2151 regio
466 2075 559 2147 statu,
581 2068 711 2132 Romani
733 2071 853 2152 imperii
868 2088 979 2151 eorpus
995 2072 1094 2133 abru-

40 2169 149 2248 perint,
173 2174 266 2249 atquo
288 2187 328 2231 ex
350 2187 388 2231 co
410 2168 491 2232 bella
512 2170 564 2232 vel
585 2189 641 2250 per
662 2190 698 2234 se
719 2173 832 2251 injusta
851 2173 1095 2249 importaverint,

40 2269 88 2331 vel
110 2271 143 2341 in
173 2286 206 2332 se
230 2271 313 2350 justa
341 2272 580 2345 commoverint,
607 2269 761 2332 Britannis
789 2269 946 2349 Gallisque
974 2270 1095 2349 populis

41 2372 134 2433 erecti
158 2377 191 2431 et
212 2371 368 2444 instructi;
398 2371 475 2433 haee
504 2370 587 2433 bella
612 2379 759 2450 quantum
790 2373 927 2431 externis
946 2373 1094 2449 proxima,

40 2477 155 2533 tautum
173 2470 341 2551 longinqua
359 2472 512 2546 civilibus,
536 2470 611 2548 quid
633 2471 693 2530 nisi
714 2470 840 2529 sociatio
858 2470 929 2547 jure
949 2472 1094 2529 vociten-

41 2577 102 2649 tur,
130 2589 202 2635 cum
231 2571 289 2649 ipsi
317 2570 447 2631 Romani
473 2588 514 2631 ne
537 2568 666 2633 Sertorii
689 2567 812 2648 quidem
839 2575 891 2630 aut
912 2569 1095 2649 Perpernae,

41 2678 90 2733 aut
110 2672 215 2749 Crini,
243 2678 296 2733 aut
324 2670 460 2752 Spartaci
487 2668 584 2747 bella,
613 2669 716 2732 civilia
743 2670 861 2749 uspiam
887 2670 1095 2733 nominarint?
1165 2706 1167 2709 ⁴

41 2770 72 2833 iu
94 2773 147 2835 tali
173 2788 248 2853 ergo
270 2771 321 2833 vel
344 2770 479 2849 deiectu,
499 2770 552 2833 vei
573 2770 787 2851 perduellione
806 2772 961 2833 sociorum
977 2772 1096 2833 minore

41 2888 121 2934 nunc
147 2874 258 2952 utique
279 2874 401 2950 ,invidia
431 2873 599 2951 laboraret,
632 2872 661 2935 si
693 2870 832 2933 ionassis
863 2854 1012 2933 e'rristeret
1043 2871 1097 2934 vei

41 2973 140 3051 gravis
172 2990 291 3053 pugna,
319 2974 370 3036 vel
399 2980 525 3037 cruenta
548 2974 687 3035 victoria.
731 2951 949 3035 Verumtamen
972 2991 1041 3034 cum
1063 2975 1096 3035 in

41 3070 124 3135 hisce
148 3073 337 3153 temporibus
361 3075 462 3135 omnia
483 3073 553 3152 plus
574 3073 767 3135 necessitatis
790 3072 929 3134 adierant
948 3081 981 3135 et
995 3076 1096 3136 miuus

42 3174 165 3251 pudoris
187 3172 246 3235 hoo
266 3180 327 3235 est:
345 3190 447 3255 causa,
461 3190 575 3253 pugna,
590 3172 731 3248 victoria,
750 3172 800 3233 vel
816 3190 871 3251 pro
886 3173 1096 3253 extinguenda

44 3272 205 3335 insolentia
228 3280 438 3355 tyrannorum,
462 3273 512 3335 vel
532 3290 586 3353 pro
602 3270 776 3335 cohibendo
791 3273 945 3332 sociorum
961 3270 1095 3352 defectu,

43 3373 91 3434 vel
107 3391 162 3453 pro
185 3374 337 3437 inurendo
360 3376 488 3437 ultionis¹
509 3372 666 3454 exemplo:
690 3372 741 3433 cui
757 3370 879 3433 taudem
895 3372 1021 3435 dubium
1037 3382 1094 3452 est,

45 3481 156 3551 quanto
178 3492 261 3537 nune
283 3476 398 3553 mitius,
422 3481 599 3555 quantoque
622 3472 805 3535 clementius
827 3474 958 3538 excitata
981 3473 1027 3557 (ut
1042 3477 1095 3538 di-

45 3572 125 3655 eunt)
149 3574 229 3637 belia
250 3575 355 3637 civilia
372 3582 535 3657 geruntur,
558 3575 650 3638 immo
665 3577 874 3655 reprimuntur
888 3579 989 3655 potius
1004 3593 1095 3654 quam

45 3675 212 3753 geruntur?
236 3676 312 3749 Quis
335 3677 417 3739 euim
440 3694 534 3739 unum
556 3676 649 3739 civile
671 3676 785 3738 beilum
807 3677 984 3756 perdecem
999 3689 1096 3735 annos

45 3772 89 3835 his
111 3776 301 3857 temporibus
321 3777 469 3857 agitatum
491 3777 647 3841 audierit?
683 3778 760 3849 Quis
784 3794 846 3837 uno
868 3776 950 3837 belio
972 3779 1096 3833 centum

46 3875 264 3957 quinquaginta
287 3878 381 3941 millia
404 3875 571 3956 hominum,
595 3877 645 3940 vel
667 3876 800 3939 hostiurn
823 3876 862 3936 ab
883 3872 1033 3949 hostibus,
1055 3879 1097 3933 ut

46 3991 104 4037 non
127 3975 225 4041 dicam
248 3979 362 4043 civium
384 3997 402 4041 a
423 3977 554 4055 civibus,
577 3993 667 4041 cama
690 3972 885 4037 meminerit?
909 3974 985 4054 Quis
1002 3973 1084 4036 iiten
