2634 4434
710 320 758 390 76

628 419 838 430 ...μ-...κ-

573 559 761 698 toput
811 555 895 666 lll.

213 782 348 849 Terrae
367 785 482 848 motam
504 780 657 848 Achaiae
678 781 824 848 collatur
846 799 923 846 cum
944 775 1262 864 Constantinopoli-

344 887 436 950 tono.
481 882 627 949 Roaiam·
649 885 806 949 civitatee
828 881 1133 966 aliquotcapt'rmi.

296 1054 387 1117 Anno
409 1053 446 1117 ab
469 1054 550 1116 Urbe
576 1054 699 1116 condita
727 1051 929 1116 ccclxxvi.
956 1053 1135 1115 saevissimo
1163 1059 1264 1114 terrae

211 1163 296 1218 ruotu
318 1155 433 1218 Achaia
455 1157 598 1218 universa
622 1171 771 1217 concussa
794 1160 851 1232 est,
874 1161 906 1216 et
927 1152 1016 1233 duae
1030 1160 1102 1215 tunc
1125 1154 1264 1216 civitates

212 1256 243 1318 id
266 1263 328 1333 est,
344 1256 435 1318 aura
458 1265 489 1319 et
511 1257 634 1332 Heliae,
656 1256 793 1335 abruptis
815 1255 950 1316 locorum
974 1253 1106 1316 hiatibus
1128 1254 1263 1316 devora-

212 1365 263 1419 tae
285 1365 364 1420 sunt.
407 1356 449 1418 At
470 1374 530 1438 ego
552 1373 636 1417 nunc
657 1374 676 1417 e
698 1357 851 1418 contrario
867 1363 1002 1435 poteram
1018 1355 1129 1416 similia
1144 1357 1177 1417 in
1192 1355 1263 1415 die-

213 1457 271 1518 bus
294 1458 406 1519 nostris
427 1456 506 1536 apud
530 1456 838 1535 Constantinopolim,
862 1473 962 1535 aequo
986 1456 1074 1518 modo
1097 1457 1263 1616 privem
1311 1493 1312 1550 p

214 1553 301 1639 [156]
323 1558 472 1638 gentium,
495 1556 649 1636 praedicta
669 1565 700 1620 et
721 1557 809 1634 iacta,
832 1558 885 1620 sed
902 1575 963 1618 uon
979 1556 1114 1637 perlecta
1130 1573 1168 1617 na
1204 1573 1263 1630 are,
1310 1555 1312 1606 i

213 1676 300 1735 oum,
322 1665 391 1736 post
412 1658 581 1720 terribilem
604 1658 867 1722 denuntiationem
891 1659 1175 1737 conscientiamque
1198 1655 1264 1716 mali
1311 1681 1312 1726 t

213 1760 264 1820 sui
286 1759 470 1838 praesciam,
498 1759 606 1822 subter
632 1766 782 1820 commota
805 1757 942 1820 funditus
964 1763 1044 1817 terra
1069 1764 1216 1818 tremeret
1237 1762 1265 1816 et
1310 1733 1312 1810 l

214 1859 348 1938 desuper
369 1857 437 1919 lusa
458 1859 588 1920 coelitus
610 1858 729 1919 tiammo
756 1857 921 1936 penderet,
948 1856 1048 1917 donec
1077 1857 1264 1919 orationibus

214 1959 340 2022 Arcadii
364 1958 511 2037 principis
539 1966 571 2019 ot
596 1957 701 2038 populi
731 1955 909 2034 Christiani,
936 1963 1129 2037 praesentem
1158 1957 1263 2038 perdi-

216 2061 332 2122 tionem
347 2058 431 2119 Dens
452 2064 598 2118 exoratus
620 2064 789 2120 averteretr
813 2056 945 2137 probans
967 2075 1001 2120 se
1023 2058 1120 2122 solum
1145 2075 1215 2120 esse
1238 2065 1266 2119 et

215 2166 467 2234 conservatorem
477 2156 649 2236 humilium,
670 2159 889 2240 etpunitorem
906 2158 1061 2222 malorum.
1099 2158 1160 2224 Sed
1182 2160 1267 2238 haec,

216 2269 251 2322 ut
272 2266 508 2323 commemorata
534 2260 596 2321 sint
623 2261 719 2342 magis
747 2277 837 2340 quam
865 2259 1030 2339 explicata,
1060 2261 1266 2322 verecundiae

215 2360 433 2437 concesserim,
456 2367 490 2422 ut
512 2367 544 2422 et
566 2361 618 2440 qui
639 2363 707 2438 soit,
730 2359 855 2436 recolat,
878 2367 910 2422 et
925 2361 978 2440 qui
993 2363 1102 2438 nescit,
1126 2362 1265 2441 inquirat.

106 2541 135 2563 Η
199 2461 336 2524 ¹luterea
365 2459 508 2538 Romani,
539 2463 593 2541 qui
619 2479 674 2542 per
696 2461 888 2542 septuaginta
910 2479 1008 2524 annos
1029 2461 1066 2523 ab
1090 2461 1167 2524 urbe
1190 2462 1266 2523 Vol-

216 2580 354 2639 scoram,
382 2570 541 2641 praeterea
568 2563 771 2638 Faliscorum,
800 2560 978 2641 Aequorum
1007 2569 1038 2623 et
1065 2563 1266 2638 Sutrinorum,

216 2663 336 2724 subacti
358 2669 390 2724 et
410 2663 524 2739 adtriti,
552 2663 684 2724 assiduis
707 2661 796 2723 bellis
818 2661 1069 2741 conficiebantur,
1092 2664 1214 2726 tandem
1239 2666 1267 2724 in
1308 2683 1309 2692 ¹

216 2763 430 2844 suprascriptis
457 2763 567 2826 diebus
590 2761 716 2824 Camillo
744 2763 822 2823 duee
849 2763 971 2825 easdem
995 2783 1107 2844 cepere
1129 2767 1267 2827 civitates

218 2872 250 2927 et
281 2864 422 2926 redivivo
455 2865 547 2926 finem
581 2864 696 2926 dedere
723 2864 891 2924 certamini.
935 2864 1150 2948 Praenestinos
1179 2868 1269 2927 etiam
1307 2897 1308 2906 ι

218 2965 328 3028 eodem
351 2971 504 3044 tempore,
534 2964 588 3044 qui
616 2964 775 3044 usquead
798 2972 913 3044 portam
935 2965 1051 3028 Romae
1074 2965 1217 3028 bellando
1241 2973 1269 3028 et

218 3064 377 3128 caedendo
413 3071 634 3145 pervenerant,
678 3065 716 3127 ad
751 3065 866 3129 llumen
901 3065 1013 3130 Alliam
1054 3067 1087 3129 Τ.
1126 3067 1269 3141 Quinctio

217 3173 375 3248 pugnante
396 3167 548 3230 vicerunt.
693 3201 699 3221 ι

110 3508 123 3540 ,
219 3450 306 3537 pen
582 3419 776 3559 toput
827 3417 899 3530 ll.
1305 3405 1306 3487 t

282 3589 339 3691 Dc
357 3629 553 3711 pestilentia
576 3626 799 3712 pacissima,
827 3628 970 3712 ejusque
997 3629 1207 3711 expiatione.

304 3781 396 3842 Anno
422 3781 460 3842 ab
488 3780 569 3840 Urbe
596 3779 718 3842 condita
746 3779 974 3848 ucctxxxtv.
1005 3781 1038 3844 L.
1071 3778 1210 3844 Genucio
1241 3787 1269 3842 et

220 3883 255 3955 Ο.
272 3881 404 3946 Seruilio
423 3880 617 3957 Consulibus,
640 3883 751 3962 iugens
768 3882 942 3946 universam
957 3882 1082 3945 Romam
1098 3883 1268 3962 pestilentia
1303 3833 1304 3919 l

220 3980 383 4059 corripuit:
412 3995 491 4058 non,
520 3987 554 4042 nt
581 3980 701 4044 adsolet
728 3982 796 4062 plus
825 3985 966 4048 minusue
987 3982 1079 4046 solito
1101 3990 1267 4064 temporum
