2634 4434
541 373 613 441 119

471 472 678 484 ---.-.-

57 607 113 668 cito
134 604 267 686 quisque
288 612 459 686 correptus,
482 625 553 670 mox
569 614 717 685 mortuus,
729 607 791 689 jam
808 625 867 670 nec
881 607 1101 688 sepeliebatur:

57 708 138 789 cujus
159 707 231 769 mali
252 707 384 768 nuncius
406 725 475 769 cuno
498 709 665 771 adtonitam
688 709 850 790 repentino
870 707 956 770 luctu
972 707 1102 772 Cartba-

54 808 152 888 ginem
180 807 379 888 replevisset,
407 824 469 869 non
497 825 588 871 secus
615 828 651 872 ao
678 810 705 872 si
733 815 819 890 oapta
852 815 950 886 esset,
984 808 1105 872 turbata

55 908 156 970 civitas
179 906 244 969 fuit.
281 907 390 970 Omnia
412 907 580 971 ululatibus
601 909 818 992 personabant,
840 909 964 972 clausae
986 908 1105 990 ubique

50 1007 168 1086 januae,
192 1014 302 1070 cuncta
324 1010 441 1093 privata
463 1009 648 1090 publicaque
671 1009 772 1072 officia
791 1011 941 1088 damnata,
964 1009 1105 1072 universi

53 1107 87 1168 ad
108 1115 229 1188 portum
252 1108 437 1188 decurrunt,
466 1109 726 1191 egredientesque
754 1110 793 1172 de
821 1108 951 1171 navibus
978 1125 1104 1189 paucos,

53 1208 102 1286 qui
122 1208 203 1271 cladi
225 1208 457 1290 superfuerant,
481 1209 519 1270 de
541 1208 606 1271 suis
628 1215 855 1289 percontantur.
899 1209 990 1272 Post·
1014 1203 1104 1292 [2271

54 1327 140 1390 quam
174 1309 213 1370 de
247 1308 335 1372 clade
369 1326 494 1371 suorum
528 1310 702 1373 tacentibus
734 1310 794 1372 illis
826 1307 877 1371 vel
907 1307 1106 1390 gementibus

51 1410 153 1471 miseri
185 1409 381 1490 intelligunt,
414 1417 489 1472 tunc
521 1418 585 1472 toto
617 1410 722 1473 littore
754 1411 964 1492 plangentium
998 1424 1102 1486 voces,

50 1516 120 1571 tunc
143 1507 315 1570 infelicium
338 1517 467 1572 matrum
489 1511 624 1573 ululatus
644 1519 677 1573 et
690 1511 810 1574 flebiles
826 1508 973 1592 querelae
989 1510 1103 1574 audie-

49 1609 169 1672 bantur.
213 1606 297 1669 lnter
317 1608 394 1671 baec
416 1611 555 1690 procedit
575 1618 608 1672 et
629 1612 697 1689 ipse
719 1611 757 1672 de
783 1610 854 1672 navi
880 1627 936 1672 sua
963 1609 1103 1689 lmpera·

49 1717 110 1786 tor,
146 1707 269 1770 sordida
298 1708 468 1789 servilique
496 1711 600 1772 tunica
627 1711 811 1773 discinctus:
840 1709 878 1770 ad
907 1709 994 1788 cujus
1023 1723 1104 1768 oon·

50 1816 187 1890 spectum
202 1807 413 1889 plangentium
424 1810 606 1890 junguntur⁴
613 1810 745 1892 agmina.
773 1810 841 1891 lpse
857 1825 982 1889 quoque
998 1821 1106 1868 manus

50 1905 87 1972 ad
99 1908 221 1971 eoelum
237 1909 379 1987 tendens,
402 1925 486 1971 nunc
506 1927 603 1987 suam,
626 1926 710 1972 nunc
725 1909 876 1991 publicam
893 1907 1104 1970 infelicitatem

51 2015 172 2072 accusat
194 2017 226 2072 et
247 2009 355 2072 deflet:
379 2009 418 2072 ad
433 2016 619 2091 postremum
635 2009 809 2073 vociferans
824 2027 880 2090 per
894 2008 1013 2086 urbem,
1029 2013 1103 2069 tan-

52 2111 116 2171 dem
139 2111 300 2191 ingressus
322 2111 456 2193 domurn,
478 2119 605 2174 cunctos
628 2112 683 2192 qui
704 2111 907 2192 lacrymantes
926 2125 1108 2190 prosequee

50 2209 170 2287 bantur,
193 2210 301 2272 ultimo
323 2209 445 2273 demisit
469 2211 619 2292 alloquio:
643 2230 679 2274 oo
701 2211 814 2274 deinde
835 2209 987 2273 obseratis
998 2207 1103 2289 januis

51 2311 247 2390 exclusisque
275 2311 365 2373 etiam
395 2311 480 2390 filiis,
513 2312 616 2394 gladio
644 2313 782 2376 dolorem
809 2312 967 2390 vitamque
995 2306 1102 2369 linivit.

51 2410 131 2473 llaec
153 2411 238 2472 Darii
267 2412 454 2493 temporibus
481 2419 569 2493 gesta
597 2420 677 2475 sunt.
720 2413 791 2473 Post
818 2410 895 2472 baec
921 2409 1028 2484 Anno,
1056 2406 1105 2467 vir

52 2512 173 2591 quidam
202 2510 477 2592 Carthaginiensis,
511 2511 637 2590 privatis
670 2510 780 2591 opibus
805 2508 995 2587 reipublicae
1022 2505 1105 2566 vires

52 2629 209 2693 superans,
231 2609 424 2673 invadendae
445 2609 661 2674 dominationis
683 2610 784 2674 bausit
805 2609 1010 2689 cupiditatem.
1048 2603 1105 2666 Cui

52 2714 97 2775 rei
125 2713 289 2776 consilium
317 2710 393 2772 utile
419 2717 503 2771 ratus
535 2717 597 2788 est,
631 2719 666 2773 ut
697 2711 846 2774 simulatis
879 2711 990 2771 unicae
1023 2705 1105 2767 ntiae

53 2815 166 2894 nuptiis
197 2828 305 2874 omnes
337 2819 511 2889 senatores,
546 2829 676 2892 quorum
708 2811 888 2892 dignitatem
918 2808 1105 2869 obstaturam

55 2915 184 2995 inceptis
214 2913 278 2975 suis
310 2911 528 2989 arbitrabatur,
561 2914 643 2974 inter
673 2911 783 2993 pocula
815 2925 939 2972 ueneno
971 2909 1106 2969 necaret

55 3017 139 3089 Quae
161 3031 213 3076 res
233 3030 290 3092 per
311 3013 465 3075 ministros
486 3013 616 3091 prodita,
638 3015 706 3076 sine
729 3013 847 3074 ultione
868 3010 963 3072 vitata
985 3014 1042 3085 est,
1065 3022 1105 3067 ne

54 3116 84 3175 in
105 3117 175 3177 uiro
196 3120 256 3175 tam
278 3115 395 3193 potenti
417 3113 485 3193 plus
508 3113 625 3194 negotii
648 3113 766 3174 faceret
785 3127 836 3173 res
859 3111 991 3191 cognita,
1015 3124 1106 3186 quam

55 3217 195 3296 cogitata.
239 3213 304 3275 Hoc
336 3213 466 3274 consilio
496 3212 602 3274 elusus
629 3211 736 3288 Anno,
769 3211 829 3272 alio
863 3209 1108 3270 machinamento

56 3315 174 3377 facinus
202 3314 328 3395 adgredi
356 3319 448 3393 parat.
493 3311 624 3376 Servitia
651 3311 799 3386 concitat,
835 3309 947 3388 quibus
978 3311 1107 3386 repente

56 3417 207 3477 incautam
229 3413 337 3475 urbem
361 3415 554 3494 opprimeret.
597 3410 657 3474 Sed
680 3429 749 3473 cum
772 3415 843 3471 ante
865 3415 1006 3472 statutam
1029 3424 1106 3469 oae-

57 3517 145 3578 dibus
167 3516 248 3578 diem
271 3515 424 3594 proditum
447 3530 481 3574 se
503 3519 768 3592 praeventumque
784 3512 997 3587 intellexisset,
1020 3503 1107 3589 [228]

58 3616 213 3678 castellum
237 3614 388 3696 quoddam
412 3632 480 3676 oum
504 3612 615 3692 viginti
638 3611 772 3674 millibus
794 3631 953 3675 servorum
975 3613 1109 3671 armatus

59 3723 194 3796 occupat.
249 3715 295 3777 lbi
327 3715 399 3777 dum
432 3714 524 3777 Afros
556 3731 726 3795 regemque
759 3713 932 3776 Maurorum
966 3706 1108 3777 concitat,

59 3823 162 3895 captus
184 3818 248 3877 est:
272 3833 309 3877 ac
329 3819 427 3896 primo
449 3815 545 3895 virgis
574 3830 698 3891 caesus,
726 3813 838 3876 deinde
866 3809 985 3873 effossis
1012 3802 1110 3864 oculis

59 3923 89 3976 ct
112 3916 251 3978 manibus
274 3915 478 3995 cruribusque
505 3912 625 3991 fractis,
652 3914 739 3975 velut
766 3931 783 3973 a
810 3908 940 3990 singulis
968 3903 1110 3966 membris

59 4033 157 4095 poena
173 4017 362 4099 exigeretur,
385 4016 417 4077 in
439 4021 605 4093 conspectu
628 4013 732 4091 populi
755 4016 881 4072 necatus
904 4013 959 4070 est.
995 4006 1110 4083 Corpus
