2634 4434
542 314 612 382 tta

54 553 203 626 repertum
226 545 343 624 lucrm,
369 553 403 608 ut
424 545 497 608 lecti
519 547 656 628 agilitate
674 549 809 628 juvenes
832 553 901 610 cum
924 552 1016 613 armis
1036 553 1102 616 suis
1148 610 1151 616 .

52 654 117 724 post
132 654 216 728 terga
232 647 370 726 aquilum
385 644 546 708 sederent:
571 653 603 707 et
617 662 689 710 mox
704 667 772 710 eum
789 649 826 710 ad
841 647 959 711 hostem
975 658 1101 714 ventum

52 754 131 808 esset
152 749 242 828 equis
264 745 427 808 desilirent
444 752 476 808 et
497 747 644 809 continuo
667 749 786 828 pedites
808 749 865 828 ipsi
888 749 1001 812 exalia
1016 757 1101 830 parte

51 846 221 924 equitibus,
249 864 305 926 per
334 862 412 925 quos
438 846 561 908 advecti
589 847 713 910 lucrant
740 833 955 912 dimicantibus
983 849 1101 912 hostem

50 946 270 1023 perturbarent.
304 946 352 1008 Ab
375 945 423 1007 bis
444 963 520 1027 ergo
539 948 686 1011 velitibus
702 949 856 1028 elephanti
870 951 1016 1012 retroacti
1030 967 1101 1012 cum

48 1048 112 1126 regi
130 1049 195 1127 jam
223 1065 242 1109 a
267 1048 333 1110 suis
363 1061 425 1108 non
453 1055 595 1126 possent,
623 1048 726 1111 fabrili
753 1049 872 1130 scalpro
901 1053 983 1112 inter
1009 1067 1101 1112 aures

48 1147 153 1208 adacto
175 1147 372 1210 necabantur.
416 1147 450 1208 ld
471 1155 572 1228 genus
593 1149 782 1210 occidendae
804 1165 875 1210 cum
903 1145 980 1228 opus
1008 1157 1101 1232 esset,

47 1245 167 1310 belluae
194 1249 275 1310 idern
302 1249 366 1310 dux
392 1247 546 1310 Asdrubal
577 1250 693 1329 primus
726 1251 896 1310 invenerat.
940 1248 1009 1310 Fuit
1041 1249 1101 1311 hoc

46 1347 162 1424 praelio
183 1348 293 1410 Poenis
320 1348 476 1411 Metaurus
502 1348 635 1432 flumen,
661 1349 715 1412 ubi
743 1349 896 1412 Asdrubal
925 1357 972 1412 est
1001 1351 1099 1414 victus

45 1448 132 1524 quasi
160 1447 356 1510 Trasimenus
384 1448 481 1511 lacus:
515 1458 546 1512 et
574 1451 655 1513 Sena
683 1450 787 1511 Piceni
815 1451 922 1513 civitas
950 1457 985 1512 ut
1011 1451 1099 1512 vicus

44 1545 93 1606 ille
117 1546 304 1607 Cannensis:
338 1547 412 1607 Nam
436 1550 657 1630 quinquaginta
681 1557 713 1611 et
734 1557 803 1610 octo
824 1550 916 1612 millia
939 1551 978 1612 de
1000 1568 1097 1612 exer-

44 1646 104 1706 citu
128 1643 311 1706 Asdrubalis
334 1645 376 1706 ibi
399 1646 500 1706 occisa
522 1653 608 1723 sunt,
637 1655 725 1726 capta
751 1655 823 1716 sunt
845 1650 982 1727 quinque
1005 1649 1099 1710 millia

44 1744 270 1826 quadringenti
308 1745 447 1818 Quatuor
469 1744 563 1806 millia
585 1746 699 1806 civium
714 1745 918 1808 Romanorum
942 1749 1022 1808 inter
1045 1763 1099 1807 eos

44 1852 164 1924 reperta
192 1852 286 1927 atque
312 1851 456 1905 revocata
482 1850 569 1922 sunt,
603 1845 685 1925 quod
718 1842 887 1932 lictoribus
920 1845 1098 1908 consulibus

44 1946 152 2006 solatia
181 1944 247 2006 luit.
290 1944 366 2007 Nam
389 1951 421 2006 et
442 1943 481 2006 ab
503 1945 644 2007 exercitu
667 1960 773 2008 eorum
797 1953 866 2008 octo
889 1947 981 2008 millia
1006 1943 1096 2021 [266]

44 2046 231 2108 ceciderunt.
288 2046 435 2109 Annibali
468 2054 562 2126 caput
596 2046 699 2108 fratris
731 2047 780 2110 sui
812 2047 993 2109 Asdrubalis
1025 2054 1097 2109 ante

44 2154 140 2207 castra
163 2145 333 2224 projectum
356 2153 411 2220 cst.
456 2147 524 2220 Quo
545 2147 613 2209 viso
635 2155 668 2208 et
692 2148 784 2209 simul
811 2148 898 2209 clade
924 2148 1095 2210 Poenorum
1120 2159 1122 2166 ’

43 2248 182 2327 adgnita,
209 2253 290 2307 anno
316 2247 437 2309 decimo
466 2249 557 2309 tertia
583 2265 674 2327 quam
696 2249 728 2309 in
750 2248 867 2310 ltaliam
889 2253 1017 2310 venerat
1038 2263 1095 2307 re-

43 2346 120 2428 lugit
149 2348 182 2407 in
210 2345 352 2409 Bruttios.
395 2347 466 2409 Post
492 2346 569 2411 baec
595 2365 677 2408 anno
706 2349 854 2410 continuo
882 2351 963 2410 inter
989 2347 1094 2408 Anni·-

42 2446 144 2508 balem-
172 2453 203 2507 et
230 2445 382 2508 Romanos
404 2447 493 2526 quies
515 2465 533 2507 a
555 2447 687 2508 tumultu
709 2447 859 2508 bellorum
883 2449 1095 2508 intercessisse

43 2548 105 2608 visa
127 2553 188 2623 est,
210 2547 282 2626 quia
304 2547 487 2626 inquietudo
509 2546 683 2608 morborum
707 2545 739 2605 in
762 2547 868 2607 cestris
892 2555 956 2621 erat
972 2553 1003 2607 el
1017 2563 1094 2626 gra-

44 2649 167 2710 vissima
193 2646 368 2726 pestilentia
399 2653 532 2727 uterque
564 2639 720 2708 exercitus
752 2646 930 2728 angebatur.
975 2645 1096 2707 lnterea

44 2746 162 2827 Scipio,
191 2748 335 2808 universa
361 2747 506 2826 Hispania
532 2765 551 2809 a
575 2747 734 2826 Pyrenaeo
756 2765 855 2827 usque
877 2748 915 2810 ad
938 2747 1095 2808 Oceanum

44 2847 75 2908 in
96 2849 285 2927 provinciam
309 2847 433 2910 redacta
460 2847 585 2910 Romam
612 2847 715 2924 veuit,
744 2848 852 2909 consul
881 2865 950 2909 cum
976 2846 1095 2908 Licinio

45 2948 152 3009 Crasso
167 2955 290 3010 creatus
303 2948 337 3009 in
351 2945 485 3010 Africam
502 2949 621 3010 transiit
634 2947 798 3010 Annmem
813 2947 974 3010 Amilcaris
989 2945 1095 3023 lilium,

46 3047 153 3110 ducem
176 3048 347 3110 Poenarum
370 3046 542 3124 interiecit,
571 3049 742 3110 exercitum
769 3049 836 3130 ejus
865 3049 971 3128 partim
988 3047 1096 3110 'caede

45 3151 152 3227 partim
175 3150 351 3228 captivitate
373 3147 568 3228 disperdidit:
597 3163 668 3207 nam
690 3146 833 3208 undecim
857 3149 949 3209 millia
971 3147 1095 3208 Poeno-

45 3265 111 3310 rum
133 3267 174 3312 eo
194 3248 311 3328 praelio
333 3249 454 3310 occidit.
499 3245 698 3326 Sempronius
720 3247 828 3308 consul
850 3265 921 3308 eum
943 3245 1097 3316 Annibale

47 3367 229 3430 congressus
263 3355 294 3408 et
326 3347 443 3423 victuS,
473 3345 598 3408 Romam
631 3345 754 3427 relegit.
804 3344 907 3426 Soipio
933 3349 964 3408 in
991 3345 1097 3408 Alrica
1215 3418 1217 3422 Α

47 3449 209 3529 adgressus
230 3447 370 3528 hyberna
391 3448 560 3508 Poenorum
582 3452 677 3526 atque
699 3446 758 3508 alla
779 3445 994 3527 Numidarum,
1017 3463 1096 3528 quae

47 3556 177 3627 utraque
198 3548 280 3610 baud
302 3547 408 3626 procul
429 3546 468 3608 ab
490 3547 576 3608 Utica
598 3554 704 3624 erant,
731 3555 821 3610 nocte
851 3549 1001 3610 concubia
1023 3547 1098 3609 lecit

49 3648 179 3712 incendi.
216 3649 312 3711 Poeni
333 3648 443 3728 trepidi
465 3654 536 3708 cum
557 3663 631 3709 nasu
652 3647 803 3710 accidisse
825 3649 929 3729 ignem
944 3653 1096 3728 putarent,

48 3747 181 3811 inermes
207 3749 246 3810 ad
273 3749 515 3830 extinguendum
543 3755 781 3811 concurrerunt:
816 3765 912 3826 quare
939 3745 1030 3808 lacile
1059 3745 1097 3806 ab

49 3849 171 3911 armatis
192 3849 329 3929 oppressi
356 3855 437 3911 sunt.
480 3847 515 3909 la
542 3849 682 3929 utrisque
709 3848 817 3910 castris
845 3847 980 3938 quadra·
1011 3839 1097 3926 [unt]

48 3947 132 4026 ginta
153 3949 249 4012 millia
270 3949 426 4012 bominum
448 3949 515 4028 igni
541 3947 688 4029 ferroque
717 3953 875 4011 consumta
897 3953 984 4025 sunt,
1012 3953 1099 4026 capta
