2634 4434
567 318 640 388 303

500 421 707 432 Ἤ

68 555 162 616 illico
183 555 269 616 velut
290 553 437 615 effrenata
459 552 609 616 libertatis
638 555 766 616 audacia
794 554 894 635 legem
923 555 1020 616 dedit:
1045 553 1131 639 [551]

68 663 110 716 ut
135 654 291 731 monachi,
312 655 371 718 hoc
397 662 457 716 est:
483 652 662 732 Christiani,
690 657 744 734 qui
773 655 810 716 ad
839 672 932 716 unum
963 655 1034 718 lidei
1057 675 1133 735 opus

67 756 201 817 dimissa
222 756 406 818 secularium
428 773 531 816 rerum
556 756 732 818 multimoda
762 757 884 818 notione
916 771 950 816 se
976 755 1133 836 redigunt,

67 857 113 916 ad
145 857 280 917 militiam
310 864 502 938 cogerentur.
547 857 654 919 Vestes
677 857 743 920 illas
768 865 839 918 tunc
861 855 996 937 Aegypti
1018 856 1132 918 solitu-

68 957 166 1018 dines
187 975 358 1037 arenasque
381 958 516 1034 diffusas,
541 975 618 1037 quas
638 965 763 1037 propter
783 958 863 1018 sitim
885 975 921 1018 ao
942 956 1133 1019 sterilitatem

68 1057 428 1137 periculosissimamque
442 1065 619 1135 serpentum
636 1057 851 1118 abundantiam
868 1060 1061 1120 conversatio
1077 1057 1132 1117 hu·

67 1177 165 1219 ruiana
189 1176 251 1219 non
279 1165 400 1231 nosset,
428 1174 538 1235 magna
559 1156 760 1218 habitantium
784 1157 1000 1218 monachorum
1024 1157 1133 1217 multi-

67 1260 151 1320 tudo
171 1259 389 1336 eontpleueret.
432 1255 500 1317 lluc
522 1257 637 1318 tribuni
660 1264 693 1318 et
714 1257 826 1318 milites
850 1259 948 1334 missi,
980 1259 1033 1338 qui
1056 1275 1132 1318 san-

67 1367 144 1420 ctos
174 1377 211 1418 ac
237 1375 329 1418 veros
358 1356 469 1419 milites
498 1358 556 1420 Dei
582 1358 643 1420 alio
671 1359 795 1418 nomine
824 1359 1046 1437 persecutionis
1072 1358 1132 1418 ab·

65 1458 259 1521 straberent
303 1457 467 1519 Interiectu
493 1465 566 1520 sunt
592 1459 636 1520 ihi
669 1460 790 1540 agmina
824 1459 917 1521 multa
949 1466 1133 1522 sanctorum.

67 1563 164 1634 Ouiae
186 1565 287 1633 autem
310 1577 366 1638 per
387 1560 523 1621 diversas
544 1560 662 1639 ubique
685 1562 858 1638 provincias
880 1560 927 1621 his
958 1559 1131 1622 similibus-¹

69 1679 138 1741 que
166 1660 263 1738 jussis
294 1647 442 1720 adversus
470 1660 625 1722 Ecclesiae
660 1660 830 1724 Catholieas
863 1667 895 1722 et
928 1667 1031 1723 rectae
1061 1640 1132 1721 fidei

71 1760 204 1842 populos
230 1767 318 1840 gesta
346 1762 424 1836 sint,
456 1761 530 1823 satis
557 1761 759 1843 significatum
790 1765 854 1842 ipsa
880 1761 1031 1823 reticendi
1060 1759 1131 1821 ele-

70 1863 179 1923 ctione
198 1860 340 1925 sufficiat.
384 1862 504 1925 lnterea
532 1864 564 1924 in
592 1861 717 1924 Africae
744 1864 879 1942 partibus
906 1862 1025 1922 Firmus
1051 1879 1132 1937 sese,

72 1964 217 2023 excitatis
243 1961 418 2025 Maurorum
445 1964 607 2044 gentibus,
640 1979 745 2044 regem
774 1964 967 2024 constituens
996 1961 1131 2023 Africam

73 2062 352 2142 blauritaniamque
374 2065 513 2127 vastavit
558 2065 755 2142 Caesaream,
782 2065 888 2127 urbem
912 2055 1132 2126 nobilissimam

74 2163 292 2240 Mauritaniae,
325 2164 396 2225 dolo
431 2173 565 2244 captam,
599 2167 712 2227 deinde
739 2166 886 2228 caedibus
918 2164 1131 2240 incendiisque

73 2264 267 2344 completam,
289 2263 427 2325 barbaris
449 2266 481 2324 in
503 2265 645 2344 praedam
669 2265 761 2330 dedit.
795 2264 892 2344 lgitur
907 2278 1010 2322 comes
1025 2261 1127 2322 Theo·

73 2365 196 2441 dosius,
219 2365 397 2441 Theodosii,
421 2366 474 2444 qui
497 2373 565 2444 post
586 2367 715 2443 imperio
737 2363 879 2445 praefuit,
903 2369 999 2440 pater,
1023 2379 1039 2422 a
1063 2362 1128 2422 Va-

72 2466 247 2526 lentiniano
277 2465 388 2524 missus
415 2450 527 2526 adnisas
554 2463 729 2525 Maurorum
751 2471 861 2546 gentes
884 2462 985 2522 multis
1009 2463 1131 2540 praeliis

73 2565 186 2644 fregit,
218 2565 317 2640 ipsum
350 2563 481 2623 Firmum
515 2564 670 2626 addietum
699 2573 731 2626 et
758 2580 934 2646 oppressum
965 2563 1067 2640 coegit
1095 2563 1132 2622 ad

72 2670 218 2724 nrortem.
261 2663 331 2722 Post
352 2681 420 2722 cum
444 2667 709 2745 experientissima
731 2665 922 2747 providentia
947 2670 1037 2723 totam
1062 2681 1130 2722 cum

73 2764 258 2827 Mauritania
281 2761 415 2824 Africam
439 2767 595 2828 meliorem
623 2769 760 2844 pristinis
789 2765 910 2846 legibus
938 2763 1132 2840 reddidisset,

75 2865 287 2928 instimulante
316 2869 348 2924 et
374 2863 544 2944 obrepente
570 2869 702 2945 invidia,
733 2868 838 2946 jussus
868 2865 1008 2941 interfici,
1044 2859 1132 2946 [552]

20 2968 23 2972 ’
75 2967 158 3046 apud
190 2964 404 3044 Carthaginem
441 2965 590 3045 baptizari
626 2969 657 3029 in
691 2967 905 3027 remissionem
936 2971 1132 3045 peecatorum

77 3068 281 3146 praeoptavit:
306 3084 342 3126 oc
364 3072 524 3146 postquam
546 3075 769 3129 sacramentum
786 3066 908 3143 Christi,
932 3067 1013 3146 quod
1030 3083 1131 3144 quae·
1243 3139 1245 3142 .

77 3169 188 3244 sierat,
216 3168 381 3228 adsecutus
410 3174 473 3244 est,
500 3175 569 3246 post
594 3167 770 3248 gloriosam.
787 3167 886 3228 seculi
915 3169 1005 3228 vitam
1040 3166 1132 3227 etiam

78 3271 119 3330 de
140 3271 222 3328 vitae
237 3271 420 3330 aeternitate
436 3286 574 3347 securus,
596 3269 769 3348 percussori
781 3269 924 3349 jugulum
941 3269 1021 3330 ultro
1036 3285 1131 3348 prae-

78 3370 151 3431 buit
197 3367 359 3431 Gratianus
380 3371 499 3431 interea
522 3368 698 3450 lmperator,
725 3370 885 3432 admodum
904 3371 1040 3451 juvenis,
1063 3387 1133 3430 oum
1222 3392 1230 3402 ·

78 3470 332 3531 inaestimabilem
356 3470 581 3531 multitudinem
603 3469 736 3530 hostium
751 3470 895 3534 Romanis
911 3469 1041 3532 infusam
1058 3469 1131 3529 hni-

79 3571 137 3632 bus
159 3578 313 3648 cerneret,
336 3570 434 3633 lretus
456 3570 567 3632 Christi
590 3572 737 3650 potentia,
758 3571 851 3654 longe
874 3573 981 3650 impari
1005 3569 1133 3627 militum

80 3685 210 3734 numero
232 3690 301 3734 sese
324 3673 357 3734 in
379 3671 497 3734 hostem
519 3670 620 3750 dedit,
648 3680 680 3736 et
702 3675 847 3735 continuo
871 3670 949 3748 apud
975 3668 1132 3745 Argenta-

80 3775 174 3850 riam,
208 3775 352 3854 oppidum
380 3772 561 3852 Galliarum,
596 3775 911 3838 formidolosissimum
939 3766 1052 3828 bellum
1081 3767 1134 3826 in-

82 3874 223 3937 credibili
244 3875 391 3938 felicitate
414 3875 555 3938 coniecit.
592 3876 667 3937 Nam
691 3876 758 3954 plus
781 3889 870 3951 quam
895 3869 1018 3948 triginta
1041 3864 1135 3926 millia

77 3975 332 4053 elanaonorun,
348 3977 473 4038 minimo
487 3975 691 4036 Romanorum
708 3974 902 4046 detrimento,
925 3969 957 4029 in
980 3985 1021 4029 eo.
1040 3983 1132 4046 prae-
