2634 4434
535 324 604 395 171
660 339 665 349 ‘

465 426 674 439 *m

55 557 252 640 stangulatus
274 564 329 621 est.
372 556 490 622 Eodem
519 574 601 627 anno
628 556 794 624 Ptolemaei
820 552 1097 621 Alexandrinorum

53 658 130 739 regis
151 659 263 721 misera
285 658 347 721 vita
370 659 561 721 miseriorem
583 658 667 721 vitae
689 658 805 719 exitum
828 656 922 719 dedit.
966 647 994 721 ls
1016 661 1097 720 enim

53 768 182 821 sororem
204 774 289 835 suam
311 764 416 840 stupro
439 758 603 840 cognitam,
626 774 663 819 ac
681 756 805 819 deinde·
819 758 852 820 in
874 759 1098 822 matrimonium

51 864 209 939 receptam,
225 857 391 921 novissime
407 858 535 937 turpius,
552 876 642 939 quam
659 856 757 936 duxit,
772 858 894 937 ubjecit.
926 858 1099 939 Privignum

52 975 122 1021 vero
142 944 246 1036 suam,
274 958 334 1021 hoc
360 966 408 1023 est
433 958 524 1021 liliam
551 958 666 1021 sororis
693 964 725 1020 et
751 960 908 1041 conjugis,
934 960 1099 1039 conjugem

50 1056 184 1137 adscivit,
206 1057 301 1121 hlium
324 1074 424 1137 suum,
448 1077 540 1139 quem
562 1076 730 1121 exserere
752 1067 940 1139 susceperat,
963 1076 1023 1120 nec
1037 1073 1100 1118 non

51 1157 194 1222 etlilium
217 1156 319 1221 fratris
342 1158 462 1221 occidit.
507 1158 712 1233 Quamobrem
733 1160 825 1221 tantis
848 1160 974 1222 incestis
995 1156 1099 1238 parri-

50 1258 197 1341 cidiisque
223 1258 440 1337 exsecrabilis,
473 1258 511 1323 ab
538 1259 757 1323 Alexandrinis
785 1276 883 1342 regno
911 1259 1019 1339 pulsus
1045 1264 1101 1321 est.

50 1355 158 1421 lisdem
182 1357 371 1439 temporibus
392 1357 573 1439 Antiochus,
595 1376 658 1422 non
681 1366 844 1422 contentus
859 1359 1025 1442 Rabylonis
1047 1365 1102 1421 at·

49 1476 107 1538 que
129 1458 284 1521 Ecbatana
305 1465 433 1540 totoque
452 1458 571 1521 Mediae
593 1459 733 1540 imperio,
755 1460 903 1523 adversus
921 1458 1100 1522 Phrahatem

48 1558 225 1621 Parthorum
254 1574 361 1638 regem
389 1575 573 1639 congressus
600 1566 632 1621 et
661 1561 761 1622 victus
789 1568 843 1632 est.
887 1561 948 1635 cui
975 1578 1050 1627 cum
1068 1560 1102 1621 in

48 1657 191 1721 exercitu
222 1672 280 1720 suo
309 1663 433 1719 centum
461 1657 555 1720 millia
582 1666 764 1721 armatorum
791 1658 906 1722 habere
931 1659 1103 1735 videretur,

49 1759 181 1821 ducente
197 1756 291 1820 millia
306 1756 436 1837 amplius
451 1757 591 1846 calonum
607 1764 700 1837 atque
715 1757 844 1822 lixarum
859 1760 996 1825 immixta
1009 1776 1101 1823 scor·

49 1859 86 1922 tis
97 1864 130 1921 et
141 1856 343 1935 histrionibus
354 1857 503 1930 trahebat.
536 1856 643 1939 ltaque
655 1857 746 1921 iaoile
758 1871 828 1922 cum
842 1860 989 1923 universo
1004 1876 1101 1924 exer·

50 1960 112 2021 citu
125 1975 183 2022 suc
198 1956 375 2020 Parthorum
390 1958 509 2021 viribus
531 1976 695 2041 oppressus
714 1959 839 2023 interiit.
875 1959 905 2024 C.
921 1960 1103 2042 Sempronio

50 2058 199 2121 Tuditano
222 2064 253 2119 et
274 2056 353 2121 blan.
376 2056 515 2139 Aquillio
538 2060 620 2124 Coss
648 2061 678 2125 P.
707 2061 884 2142 Scipionem
911 2060 1103 2138 Africanum,

49 2157 146 2239 pridie
168 2174 224 2239 pro
246 2158 398 2223 concione
420 2159 458 2225 de
485 2161 624 2241 periculo
651 2162 759 2225 salutis
786 2180 862 2226 suae
887 2170 1103 2240 contestatum,

51 2258 132 2338 quod
153 2258 214 2321 sibi
235 2276 290 2339 pro
311 2260 408 2341 patria
430 2260 582 2324 laboranti
603 2260 641 2324 ab
663 2260 810 2341 improbis
831 2268 864 2323 et
884 2261 1012 2342 ingratis
1041 2262 1103 2323 de-

50 2360 190 2423 nunciari
213 2362 419 2441 cognovisset,
442 2361 502 2423 alio
525 2362 575 2425 die
597 2379 689 2423 mane
710 2362 883 2425 exanimem
905 2362 938 2424 in
960 2362 1105 2424 cubiculo

49 2477 104 2523 suo
126 2467 296 2541 repertum,
317 2477 380 2522 non
403 2468 520 2522 temero
542 2462 624 2521 iuter
643 2462 775 2521 maxima
788 2460 993 2521 Romanorum
1016 2458 1104 2543 [dli]

49 2562 126 2625 mala
146 2562 371 2639 recensuerim,
394 2559 573 2641 praesertim
595 2576 666 2621 curu
686 2566 803 2624 tantum
818 2559 851 2621 in
866 2577 903 2623 ea
918 2558 1000 2624 Urbe
1015 2558 1104 2623 Airi-

50 2663 117 2725 cani
138 2662 230 2743 vigor
258 2668 290 2723 et
318 2660 466 2725 modestia
493 2660 629 2741 voleret,
655 2668 691 2723 ut
716 2660 808 2723 facile
834 2660 908 2724 vivo
935 2678 973 2724 eo
1000 2678 1105 2743 neque

50 2762 164 2827 sociale
180 2779 283 2843 neque
298 2762 391 2825 civile
405 2761 521 2827 bellum
535 2764 626 2842 posse
641 2762 778 2825 existere
792 2762 980 2826 crederetur.
1017 2762 1106 2825 Hunc

51 2864 175 2943 quidam
196 2864 302 2925 uxoris
324 2879 399 2925 suae
422 2862 634 2951 Semproniae,
659 2861 865 2928 Gracchorum
886 2870 990 2926 autern
1010 2880 1104 2925 soro·

49 2965 107 3044 ris,
135 2964 209 3044 dolo
236 2972 378 3030 necatum
406 2962 527 3043 ferunt,
554 2982 595 3026 ne
622 2962 773 3030 scelerata
795 2961 842 3044 (ut
863 2963 969 3047 mado)
991 2964 1107 3031 familia

50 3072 142 3147 atque
167 3066 198 3127 in
227 3065 396 3145 perniciem
423 3065 539 3145 patriae
568 3081 642 3128 suae
672 3072 743 3127 nata
769 3066 852 3127 inter
880 3066 988 3146 impias
1015 3066 1113 3130 sedi-v

49 3166 152 3231 tiones
171 3166 310 3229 virorum
333 3181 396 3227 non
419 3164 510 3227 etiam
533 3163 722 3229 facinoribus
744 3164 907 3227 mulierum
929 3173 1012 3228 esset
1041 3168 1105 3228 im-

50 3268 179 3331 manior.
223 3266 261 3330 M.
289 3264 439 3343 Aemilio,
465 3264 498 3328 L.
527 3264 637 3334 Oreste
663 3263 861 3342 consulibus,
887 3263 989 3327 Aetna
1020 3273 1107 3330 vasto

50 3374 185 3443 tremore
208 3384 358 3430 concussa
381 3366 548 3429 exundavit
575 3367 677 3449 igneis
703 3364 820 3448 globis;
846 3382 1016 3447 rursusque
1045 3368 1107 3433 alio

52 3469 100 3532 dic
123 3469 233 3549 Lipara
262 3468 363 3531 insula
391 3474 423 3529 et
451 3468 586 3532 vicinum
614 3456 695 3531 circa
725 3486 791 3529 eam
820 3486 903 3530 mare
930 3468 962 3530 in
990 3476 1106 3533 tantum

53 3570 209 3648 efferbuit,
232 3576 266 3631 ut
283 3570 406 3647 adustas
423 3586 548 3650 quoque
567 3586 661 3651 rupes
683 3569 869 3651 dissolverit,
889 3570 1023 3632 tabulata
1045 3590 1107 3631 na-

53 3672 137 3733 vium
159 3667 334 3759 liquefactis
350 3671 430 3734 ceris
445 3672 648 3737 extorruerit:
673 3673 863 3735 exanimatos
877 3672 978 3751 pisces
992 3687 1107 3747 super·-

53 3777 257 3853 natantesque
281 3772 455 3834 excoxerit:
479 3773 619 3839 homines
632 3790 785 3854 unoque,
815 3772 875 3833 nisi
902 3771 956 3848 qui
985 3769 1109 3849 longius

52 3879 184 3953 potuere
210 3871 377 3955 diffugere,
404 3875 595 3955 reciprocato
617 3873 755 3938 anhelitu
777 3870 870 3935 calidi
890 3869 971 3933 aeris
992 3868 1108 3934 adustis

53 3974 220 4037 introrsum
243 3974 387 4042 vitalibus
409 3972 574 4038 suffocarit.
686 4009 712 4016 --
