2634 4434
578 323 625 394 23

498 417 706 434 -ι--ι--ιιὼ-

79 579 141 623 rem
164 575 225 622 non
248 566 296 622 est
317 559 503 638 mirandum,
531 561 559 624 si
586 577 671 624 nuno
697 576 823 641 quoquo
843 559 940 640 aliqui
960 562 1128 644 reponun-

79 669 141 739 tur,
163 662 217 742 qui
238 679 307 724 oum
329 680 347 722 a
369 660 545 726 cervicibus
559 664 624 724 suis
640 661 869 742 impendentem
883 659 1018 742 gladium
1033 681 1127 742 prae-

79 768 162 824 tento
185 759 355 824 Christiano
378 763 503 824 nornine
524 765 710 841 averterint,
739 765 838 842 ipsum
865 777 979 822 nomen
1006 760 1128 840 Christi,

77 878 138 940 quo
158 860 224 924 solo
246 863 324 926 salvi
345 869 432 940 sunt,
461 869 514 924 aut
541 862 750 940 dissimulent,
778 868 832 926 aut
857 859 1023 924 infament:
1051 879 1127 942 gra-

76 962 203 1041 varique
231 980 266 1026 se
295 981 402 1026 eornm
436 963 624 1042 temporibus
656 970 811 1039 asserent,
846 978 977 1043 quorum
1010 961 1128 1024 meritis

73 1060 250 1126 liberantur.

283 1325 287 1337 x
403 1247 621 1416 ‚depol
675 1245 752 1356 ln

88 1435 148 1502 Dc
179 1436 405 1504 inundatione
437 1437 502 1504 aab
534 1435 784 1525 Amphictpooe
820 1440 856 1504 et
889 1434 1104 1505 Deucalione

123 1536 282 1618 sepibus,
302 1542 400 1619 pecte
421 1537 637 1624 Aetbiopicu‚
660 1539 789 1607 Libero
806 1541 910 1624 putre
931 1537 1069 1606 Indiam

512 1642 681 1706 uastante.

151 1763 245 1826 Anno
280 1761 418 1826 booox.
456 1772 529 1830 ante
566 1765 679 1830 Urbem
714 1763 886 1842 conditam,
918 1764 1125 1848 Amphictyon

65 1865 198 1927 Athenis
235 1865 344 1926 tertius
380 1881 397 1926 a
435 1865 572 1946 Cecrope
608 1865 767 1947 regnavit,
809 1866 898 1947 cujus
933 1866 1123 1947 temporibus

63 1983 214 2045 aquarum
247 1965 382 2029 inluvies
415 1966 560 2047 majorem
593 1974 710 2047 partem
737 1966 918 2046 populorum
945 1966 1122 2032 Thessaliae

64 2065 250 2145 absumpsit,
277 2066 382 2145 paucis
407 2084 464 2146 per
490 2066 611 2149 reiugia
639 2067 788 2129 montium
810 2065 965 2146 liberatis,
988 2068 1121 2132 maxime

64 2167 97 2226 in
120 2173 223 2228 monte
238 2167 396 2244 Parnasso,
419 2170 451 2230 in
474 2169 562 2248 cnjus
584 2167 716 2230 circuitu
730 2166 902 2230 Deucalion
924 2173 999 2230 tunc
1019 2184 1119 2250 regno

63 2265 253 2347 potiebatur:
284 2269 337 2346 qni
360 2274 434 2330 tuno
455 2268 494 2331 ad
515 2285 549 2330 se
571 2267 688 2330 ratibus
710 2266 927 2348 confugientes
947 2274 1119 2348 susceptos,

62 2385 119 2448 per
140 2367 263 2448 gemina
285 2366 423 2430 Parnassi
440 2368 517 2449 juge
540 2366 617 2430 fovit
637 2369 793 2448 aluitque,
822 2386 840 2428 a
868 2385 930 2447 quo
956 2376 1119 2448 propterea

61 2484 164 2550 genus
185 2466 350 2528 burianum
373 2475 546 2547 reparatum
569 2467 688 2528 ierunt:
712 2467 799 2526 Tunc
820 2467 912 2526 etiam
935 2468 967 2526 in
981 2468 1117 2528 Aethio-

61 2571 111 2648 pia
133 2574 235 2648 pestes
256 2567 402 2647 plurimas
425 2568 571 2647 dirosque
593 2565 726 2644 morbos,
749 2581 848 2646 paene
870 2565 1030 2644 usquead
1052 2560 1118 2648 [52]

61 2670 283 2732 desolationem
306 2668 554 2746 exaestuavisse,
587 2667 671 2730 Plato
697 2667 785 2730 testis
807 2672 862 2728 est.
913 2664 953 2727 Et
974 2684 1015 2728 ne
1036 2665 1117 2730 forte

60 2770 159 2832 divisa
188 2776 325 2849 tempora
352 2769 517 2832 credantur
542 2771 607 2832 irae
634 2769 694 2831 Dei
721 2766 897 2848 furorisque
924 2766 1046 2844 bellici,
1080 2788 1117 2832 ea

60 2877 245 2950 tempestate
277 2869 432 2932 subactam
461 2871 577 2934 Indiam
598 2870 693 2932 biber
718 2875 809 2949 pater.
830 2867 982 2947 sangnine
1005 2869 1116 2931 made·

58 3073 138 3135 nulli
162 3089 298 3152 unquam
321 3072 660 3150 bominumobnoxiam,
681 3069 849 3133 vernacula
870 3076 987 3132 tantum
1010 3071 1116 3150 quiete

57 3180 249 3237 contentam.

441 3378 628 3516 bopnt
681 3376 735 3484 X.

55 3559 114 3624 De
135 3559 267 3644 populo
288 3553 356 3621 Dei
384 3555 420 3620 irs
442 3551 595 3641 Aeppplo
623 3552 756 3641 officio,
788 3550 836 3618 Χ.
859 3554 971 3638 propte
996 3554 1114 3641 Aepy-

74 3664 244 3743 pliorum,
267 3661 300 3722 et
320 3659 470 3724 transitu
492 3659 592 3724 sinus
607 3654 758 3736 Arabici,
771 3674 814 3720 oc
828 3656 983 3739 reliquiis
997 3658 1094 3738 ejus·

221 3762 312 3839 dem,
340 3761 383 3825 de
404 3759 489 3824 solis
510 3760 637 3824 ardore
658 3760 805 3841 quodam
826 3756 959 3840 inficeto.

147 3887 240 3949 Anno
263 3894 334 3949 anto
357 3887 467 3949 Urbem
491 3886 643 3948 conditam
658 3883 794 3947 DCGGV.
817 3881 941 3944 infanda
955 3878 1115 3962 Aegyptiis

55 3988 151 4068 mala,
175 3995 269 4070 atque
291 3989 501 4052 intolerabiles
523 3988 627 4067 plagas
649 3982 839 4055 incubuisse,
862 3979 1021 4059 Pompeius
1036 3984 1115 4045 Cor-
