2634 4434
550 314 621 385 189

67 548 146 628 quasi
176 546 301 629 primam
330 546 485 611 'victimam
512 550 587 613 belli
615 551 716 615 civilis
743 551 873 637 occidit,
902 571 974 615 mox
999 528 1126 620 Urbem

66 666 130 710 cum
153 650 293 712 exercitu
321 649 445 731 irrupit,
473 649 558 715 laces
584 652 623 715 ad
652 652 895 715 inflammandam
917 653 1029 717 Urbem
1051 675 1113 737 po·

64 750 166 828 poscit.
222 748 371 813 Omnibus
404 758 488 814 metu
520 752 631 816 abditis
664 771 721 833 per
752 752 874 817 Sacram
908 755 988 817 viam
1021 758 1113 822 citato

63 851 180 930 agmine
213 852 245 940 in
277 850 377 913 lorum
411 852 503 915 venit.
558 854 672 917 Marius
710 873 779 917 cum
809 871 991 933 permovere
1024 854 1113 943 [342]

62 949 264 1030 nobilitatem,
287 950 473 1015 inflammare
496 955 632 1034 plebem,
656 961 832 1037 equestrem
860 956 996 1037 denique
1024 959 1113 1022 ordi-

61 1066 129 1111 nem
156 1070 330 1132 perarmare
358 1054 506 1117 adversus
534 1054 648 1118 Sullam
675 1055 788 1117 frustra
814 1053 1018 1136 adtentasset,
1052 1076 1113 1140 po·

61 1156 171 1215 stremo
192 1153 292 1215 servis
314 1170 368 1232 spe
390 1153 540 1216 libertatis
563 1160 595 1216 et
616 1154 748 1235 praedae
769 1154 809 1216 ad
830 1171 913 1217 arma
932 1157 1114 1239 sollicitatis,

60 1252 267 1334 nequidquam
289 1271 463 1336 repugnare
485 1271 593 1333 ausuS,
621 1255 744 1317 taudem
772 1256 804 1318 in
828 1254 1010 1335 Capitolium
1032 1276 1113 1322 cou-

60 1354 159 1416 aessit.
205 1354 267 1417 Sed
289 1374 358 1417 cum
386 1374 424 1419 eo
453 1356 596 1421 Sullanae
625 1356 768 1419 cobortes
796 1357 975 1437 irruissent,
1005 1377 1115 1443 magna
1173 1415 1178 1429 .

58 1469 185 1516 suorum
214 1455 308 1517 caede
336 1455 464 1538 diffugit.
507 1456 553 1519 lbi
570 1456 654 1519 'tunc
677 1456 847 1539 Sulpicius,
867 1457 955 1520 blarii
983 1458 1114 1543 collega,

56 1568 152 1615 servo
186 1570 243 1615 suo
276 1555 426 1632 prodente
460 1563 627 1635 prostratus
654 1564 709 1619 est.
754 1558 883 1621 Servum
905 1576 982 1621 vero
1003 1560 1114 1640 ipsam,

58 1653 141 1734 quod
164 1652 283 1715 bostem
311 1655 515 1733 indicaverat,
544 1657 731 1729 manumitti3
755 1657 838 1736 quod
859 1674 936 1719 vero
958 1657 1115 1723 dominum

57 1754 244 1835 prodiderat,
267 1770 342 1815 saxo
364 1754 492 1837 'larpejo
515 1755 607 1837 dejici
629 1755 773 1819 consules
795 1757 1008 1821 decreverunt.
1043 1758 1114 1823 bla-

57 1856 122 1917 rius
155 1852 294 1934 lugiens,
329 1872 397 1917 cum
431 1857 682 1937 persequentium
716 1857 861 1919 instantia
892 1858 1116 1941 circumseptus

59 1962 156 2035 esset,
185 1956 216 2016 in
239 1953 495 2019 Minturnensium
518 1956 681 2037 paludibus
702 1973 773 2019 sese
800 1956 931 2036 abdidit,
959 1961 1115 2041 equibus

54 2056 226 2127 ¹infeliciter
253 2054 318 2117 luto
346 2056 476 2135 oblitus,
509 2050 778 2139 ignominioseque
811 2066 998 2139 protractus,
1032 2064 1115 2143 turpi

59 2165 162 2220 autem
177 2156 353 2237 spectaculo
368 2156 539 2220 Minturnas
554 2157 715 2235 deductus,
738 2166 965 2239 contrususque
984 2161 1017 2221 iu
1040 2180 1114 2224 car·

59 2276 179 2335 cerem,
212 2274 423 2337 percussorem
454 2258 555 2320 adse
585 2258 711 2319 missum
740 2259 807 2320 solo
835 2258 924 2321 vultu
953 2262 1114 2325 exterruit.

58 2358 180 2421 Deinde
202 2358 304 2438 lapsus
326 2376 344 2419 e
365 2359 497 2421 vinculis
520 2359 552 2419 in
573 2356 709 2421 Africam
732 2348 906 2439 transfugit,
927 2359 1113 2424 sollicitato·
1136 2362 1140 2371 '

60 2477 120 2539 que
143 2476 186 2521 ex
207 2458 293 2521 Utica
314 2457 394 2536 filio,
416 2458 471 2519 ubi
493 2461 537 2521 in.
552 2460 691 2521 custodia
711 2457 935 2533 observabatur
956 2461 1115 2539 contiuuo,

58 2558 184 2623 Romam
207 2576 385 2641 regressus,
408 2558 524 2621 Cinnae
547 2558 667 2621 consuli
689 2557 837 2620 societate
858 2556 1010 2620 scelerum
1033 2577 1115 2621 eon-
1174 2613 1177 2624 ,

56 2662 184 2741 junctus
207 2668 260 2723 est.
297 2660 395 2743 lgitur
415 2660 454 2723 ad
476 2657 693 2741 profligandam
717 2658 892 2721 universam
906 2657 1005 2721 llem-
1028 2656 1116 2743 [343]

60 2762 224 2842 publicam,
248 2762 417 2823 exercitum
440 2760 499 2824 sibi
514 2761 546 2823 iu
563 2766 695 2841 quatuor
708 2766 810 2841 partes
824 2758 1005 2821 diviserunt
1041 2762 1117 2823 Tres

60 2863 214 2943 siquidem
237 2861 376 2943 legiones
398 2860 493 2923 biario
516 2860 620 2938 datae,
647 2862 727 2939 parti
754 2859 909 2939 copiarum
937 2859 990 2923 Cu.
1019 2859 1118 2923 Carbo

59 2964 253 3045 praepositus
276 2970 333 3040 est,
357 2969 472 3042 partem
491 2962 646 3027 Sertorius
669 2961 804 3042 accepit:
827 2960 881 3022 ille
902 2958 1023 3023 scilicet
1037 2959 1127 3051 Serssfl

60 3064 175 3142 torius,
204 3066 268 3145 jam
300 3063 373 3125 binc
406 3064 505 3127 civilis
537 3062 612 3124 belli
639 3063 782 3125 incentor
811 3068 844 3123 et
871 3062 1040 3142 particeps,
1063 3064 1119 3143 qui

61 3166 155 3227 etiam
182 3164 241 3226 boc
267 3162 353 3226 finito
381 3164 465 3227 aliud
491 3170 559 3243 post
586 3162 619 3223 in
646 3160 792 3241 Hispania
818 3159 933 3221 bellum
960 3162 1117 3239 excitarit,

62 3266 146 3345 quod
168 3282 225 3345 per
246 3264 356 3326 multos
379 3280 475 3327 annos
491 3262 630 3325 maximis
644 3260 850 3328 Romanorum
866 3259 1003 3333 cladibus
1019 3262 1119 3325 traxit.

63 3366 193 3429 Caetera
221 3382 296 3427 vero
327 3366 482 3427 exercitus
508 3364 608 3445 portio
634 3362 765 3423 Cinnam
792 3366 899 3423 secuta
926 3366 981 3423 est.
1026 3360 1120 3425 Poma

62 3474 167 3529 autem
192 3467 245 3530 Cn.
267 3466 438 3547 Pompejus‚
463 3466 516 3546 qui
538 3482 555 3526 a
577 3469 687 3527 senatu
703 3480 772 3525 oum
788 3461 929 3525 exercitu
943 3464 1119 3541 arcessitus,

62 3575 97 3629 ut
125 3566 327 3647 reipublicae
346 3565 564 3646 opitularetur,
598 3570 629 3625 et
663 3563 715 3626 diu
742 3580 812 3626 sese
838 3581 987 3626 novarum
1015 3580 1120 3624 rerum

63 3668 270 3752 aucupatione
293 3666 509 3747 suspenderat,
538 3671 710 3729 contemtus
731 3682 749 3726 a
771 3663 866 3727 blario
889 3663 940 3726 vel
963 3662 1060 3723 Cinna
1081 3659 1120 3722 ad
1202 3673 1209 3682 ·

64 3766 226 3831 Octavium
259 3768 388 3831 alterum
417 3767 575 3830 consulem
608 3783 678 3829 sese
706 3765 852 3840 contulit,
885 3769 918 3823 et
950 3775 1023 3820 mox
1049 3776 1120 3820 cum

64 3867 204 3933 Sertorio
238 3868 384 3931 condixit.
437 3859 596 3931 lnlelicem
620 3855 764 3948 -pugnam
782 3864 989 3943 ,interventus
1021 3859 1121 3923 noctis

64 3969 197 4033 diremit.
243 3968 388 4034 Sescenti
414 3986 454 4029 ex
480 3972 611 4047 utraque
633 3973 720 4046 parte
742 3961 855 4023 milites
876 3956 1020 4023 trucidati
1041 3966 1121 4023 sunt.
1158 3969 1161 3978 ·

383 4066 385 4070 ’
935 4072 968 4121 rs
