2634 4434
685 311 756 381 302

617 409 824 424 ——nma-r—

193 555 246 615 sed
270 553 356 627 certi,
380 535 465 631 quod
485 552 522 613 ad
546 549 655 614 iratres
678 551 860 632 pro'Glrristi
883 551 1079 616 confessione
1095 553 1251 636 fugerunt.
1300 569 1302 576 ·

192 654 426 716 Valentinianus
450 653 603 730 Saxones,
629 661 753 733 gentem
777 653 810 713 in
833 651 948 715 Oceani
972 654 1114 716 litoribus
1137 664 1171 717 et
1192 677 1251 738 pa-

191 755 315 816 ludibus
338 755 430 816 inviis
452 756 551 829 sitam,
574 755 690 815 virtute
712 762 805 834 atque
828 754 964 834 agilitate
984 756 1167 833 terribilem,
1190 775 1250 838 pe-

190 857 353 926 riculosam
376 854 519 916 Romanis
542 853 670 930 linibus,
693 856 886 934 eruptionem
909 873 1017 938 magna
1041 856 1123 918 mole
1147 858 1250 920 medi-

191 965 291 1019 tantes
308 947 344 1016 'in
368 956 441 1033 ipsis
456 955 640 1015 Francorum
664 953 776 1016 linibus
799 937 956 1034 oppressit.
994 955 1249 1038 Burgundionum

192 1076 333 1138 quoque,
362 1071 510 1116 uovorum
534 1054 684 1132 bostium,
707 1071 821 1116 norum
844 1073 971 1134 nomen,
994 1059 1063 1137 qui,
1087 1057 1250 1138 plusquam

191 1160 346 1238 octoginta
370 1155 462 1218 millia
486 1152 531 1235 (ut
553 1153 668 1236 ierunt)
691 1161 890 1238 armatorum,
913 1158 998 1237 ripae
1019 1157 1118 1222 Rheni
1141 1158 1250 1221 dumi·-

192 1262 239 1322 nis
266 1258 455 1320 insederant.
504 1255 566 1318 llos
588 1246 741 1336 quondam
765 1257 889 1322 subacta
913 1258 1060 1320 interiore
1083 1258 1249 1332 Germania

190 1381 208 1423 a
235 1361 336 1422 Druso
363 1367 395 1421 et
422 1358 560 1436 tiberio,
590 1357 741 1437 adoptivis
773 1357 844 1420 filiis
875 1358 1028 1435 Caesaris,
1061 1377 1118 1439 per
1150 1369 1249 1423 castra

191 1461 354 1540 dispositos
381 1460 413 1520 in
444 1457 767 1539 magnam.coaluisse
788 1466 932 1540 gentem,
963 1465 1056 1540 atque
1084 1462 1126 1522 ita
1155 1464 1249 1523 etiam

190 1579 304 1623 nomen
334 1577 374 1620 ex
403 1577 497 1640 opere
526 1560 765 1638 praesumsisse,
799 1561 870 1640 quia
901 1561 1006 1624 crebra
1034 1579 1091 1641 per
1119 1563 1249 1624 limitem

82 1657 86 1662 ’
190 1660 280 1738 [550]
304 1659 476 1731 habitacula
503 1660 667 1722 constituta
693 1659 813 1741 ¹Burgus
841 1660 934 1742 vulgo
960 1671 1087 1740 vocant,
1117 1653 1248 1725 eorum-

191 1783 252 1845 que
275 1780 344 1823 esse
367 1762 570 1842 praevalidam
594 1768 626 1822 et
648 1763 852 1839 perniciosam
875 1780 1013 1839 inanum,
1042 1763 1160 1826 Galliae
1186 1765 1250 1826 lro-

189 1869 302 1944 dieque
325 1870 420 1924 testes
441 1870 529 1938 sunt,
557 1864 589 1922 in
617 1862 730 1941 quibus
751 1869 923 1941 praesumta
947 1867 1142 1944 possessione
1165 1883 1247 1927 con-

189 1970 315 2038 sistunt,
349 1966 488 2042 quamvis
518 1963 710 2041 providentia
739 1962 796 2024 Dei
827 1981 933 2026 omnes
961 1965 1124 2028 Christiani
1155 1969 1250 2029 modo

189 2067 278 2141 lacti,
302 2063 455 2124 Catholioa
483 2061 559 2138 lide,
584 2064 759 2142 nostrisque
782 2063 913 2142 clericis,
938 2066 1049 2145 quibus
1072 2067 1249 2145 obedirent,

187 2167 330 2246 receptis,
354 2165 475 2241 blande,
500 2171 670 2241 mansuete,
686 2164 931 2245 innocenterque
947 2168 1062 2244 vivant,
1080 2185 1140 2229 uon
1157 2173 1249 2250 quasi

188 2288 257 2331 curu
280 2266 427 2346 subjectis
450 2264 561 2341 Gallis,
594 2265 649 2326 sed
683 2284 757 2330 vere
785 2285 853 2328 cum
884 2267 1027 2330 iratribus
1056 2268 1246 2333 Christianis.

188 2373 279 2433 Anno
313 2373 415 2427 autem
451 2366 616 2426 undecimo
648 2367 769 2445 imperii
801 2368 850 2429 sui
882 2367 1132 2448 ValentinianuS,
1174 2391 1246 2433 cnm

188 2474 342 2534 Sarmatae
364 2484 504 2546 seseper
519 2466 689 2529 Pannonias
711 2465 916 2546 diffudissent,
938 2487 1054 2550 easque
1076 2479 1246 2551 vastarent,

187 2572 301 2634 bellum
332 2554 364 2629 in
394 2585 448 2630 eos
478 2570 604 2646 parans,
633 2568 714 2646 apud
741 2566 942 2648 brigitionem
969 2571 1112 2650 oppidum
1142 2573 1246 2637 subita

187 2672 338 2735 allusione
361 2669 530 2748 sanguinis,
553 2667 636 2746 quod
658 2666 776 2731 Graece
792 2669 960 2750 Apoplerris
981 2679 1118 2750 vocatur,
1140 2674 1244 2763 sallo-

186 2780 272 2835 catus
300 2777 332 2832 et
359 2776 497 2830 mortuus
525 2775 578 2830 est.
623 2769 693 2832 Post
720 2789 812 2850 quem
841 2771 1019 2850 Gratianus,
1052 2772 1134 2835 iilius
1164 2777 1244 2856 ejus,

185 2873 356 2936 occidentis
388 2870 549 2948 imperium
584 2873 691 2932 tenuit.
744 2871 873 2936 Valente
905 2882 1013 2954 patruo
1045 2877 1077 2936 io
1107 2872 1245 2937 Orientis

135 3027 142 3033 .
184 2973 321 3054 partibus
355 2971 537 3046 constituto,
572 2969 819 3040 Valentinianum
853 2976 960 3052 etiam,
994 2974 1118 3038 fratrem
1152 2995 1243 3038 suum

184 3091 312 3156 parvum
334 3069 508 3148 admodum,
528 3072 646 3132 socium
671 3073 788 3134 creavit
809 3075 938 3153 imperii.

441 3323 630 3461 tlaput
686 3323 981 3437 XXXIII.

208 3528 336 3594 Valens
368 3525 581 3615 Imperator,
614 3533 781 3614 quomodo
807 3527 1025 3599 Christianae
1054 3535 1219 3616 punierit,

245 3635 389 3721 atquae
411 3631 497 3697 bellu
516 3634 683 3716 persenit,
706 3635 816 3717 deque
838 3629 1001 3701 Gratiani
1022 3636 1175 3718 imperio.

265 3786 355 3845 Anao
383 3786 420 3847 ab
444 3786 525 3847 Urbe
552 3788 674 3848 condita
697 3787 882 3864 MGXXVlll.
931 3791 1043 3852 Valens
1064 3809 1179 3854 nonus
1209 3802 1241 3855 et

178 3886 354 3964 trigesimus
386 3887 546 3965 imperium
584 3894 715 3966 quatuor
748 3890 836 3950 annis
871 3890 1086 3954 Valentiniano
1118 3901 1240 3956 mortuo

180 3986 294 4057 tenuit,
317 3986 367 4045 cui
390 3986 463 4058 soli,
487 4005 555 4047 cum
586 3990 678 4067 impie
705 3997 826 4070 ageret,
860 3992 1009 4068 potuisset
1037 3994 1239 4074 erubescere,
