2634 4434
471 285 644 376 ἱ95

81 517 336 582 internecionem
368 537 494 600 caesus,
529 495 668 585 lunditus
695 541 764 586 oum
793 525 936 590 omnibus
962 528 1057 609 copiis
1078 531 1144 594 suis

78 617 217 680 abrasus
239 626 294 682 est
328 620 426 702 lgitur
446 622 624 686 Alexander
650 623 781 706 llagnus
809 633 877 705 post
903 625 986 688 Darii
1016 637 1144 692 mortem

80 716 247 798 Hyrcanos
269 727 302 781 et
321 719 442 784 blardos
463 722 604 806 subegit:
633 725 688 787 ubi
716 727 807 788 etiam
830 725 916 788 illum
938 726 1038 790 adbuc
1058 728 1142 791 bello

79 819 255 896 intentum,
285 820 451 885 Thalestris
476 825 543 886 sive
571 823 744 888 Minotbaea
767 828 890 908 regina,
913 828 1046 891 excitata
1067 845 1143 890 sus-

77 920 249 999 cipiendae
270 921 309 982 ab
337 939 375 982 eo
401 923 519 986 subolis
547 927 661 1007 gratia,
690 943 759 988 cum
787 927 934 989 trecentis
962 927 1144 990 mulieribus

77 1037 201 1098 procax
233 1021 370 1083 Amazon
404 1023 532 1086 invenit.
589 1026 660 1086 Post
690 1025 767 1088 liaeo
798 1027 976 1090 Parthorum
1009 1046 1144 1110 pugnant

73 1121 267 1203 adgressus:
292 1139 371 1203 quos
393 1123 447 1184 diu
467 1124 644 1188 obnitentes
667 1125 784 1188 delevit
806 1128 1024 1206 propemodum
1047 1134 1142 1189 ante·

73 1240 176 1301 quam
200 1224 283 1286 vicit.
319 1223 394 1285 lnde
417 1225 565 1307 Drangae,
588 1225 770 1308 Euergetas,
792 1227 935 1305 Perimes,
958 1228 1143 1309 Parapame·

74 1339 158 1401 nos,
186 1323 353 1402 Adaspics,
375 1331 579 1406 caeterosque
605 1326 751 1406 populos,
779 1329 832 1408 qui
860 1328 892 1388 in
920 1329 1024 1391 radice
1052 1323 1140 1409 [188]

72 1423 214 1484 Caucasi
249 1425 459 1502 morabantur,
487 1426 626 1509 subegit,
655 1427 732 1490 urbe
760 1427 803 1489 ibi
831 1427 1020 1490 Alexandria
1046 1445 1141 1507 super

69 1541 206 1584 amnem
236 1522 360 1584 Tanaim
389 1526 561 1588 constituta.
606 1526 668 1589 Sed
695 1545 753 1588 nec
783 1529 883 1590 minor
911 1529 978 1608 ejus
1006 1529 1037 1592 in
1065 1543 1139 1590 suos

71 1622 262 1699 erudelitas,
285 1625 425 1703 quentin
441 1615 558 1686 bostem
574 1625 676 1687 rabies
691 1625 757 1689 luit.
793 1628 914 1690 Docent
933 1627 993 1689 boc
1015 1627 1138 1708 Amyn-

74 1731 125 1785 tas
155 1723 362 1784 consobrinus
390 1725 526 1803 occisus,
559 1742 694 1786 noverca
723 1723 896 1807 fratresque
924 1728 991 1807 ejus
1019 1733 1139 1804 necata,

73 1824 242 1886 Parmenio
268 1830 301 1885 et
322 1824 453 1887 Pbilotas
476 1825 636 1902 trucidati,
658 1825 794 1907 Attalus,
817 1826 1024 1908 Eurylochus,
1054 1827 1137 1888 Pau·-

72 1925 182 1986 sanias
199 1925 349 2005 multique
363 1925 562 1989 Macedoniae
576 1926 731 2005 principes
750 1928 908 1989 exstincti:
934 1928 1030 1990 Clitus
1052 1943 1136 2008 quo-

72 2043 141 2104 que
165 2027 254 2087 annis
274 2025 389 2106 gravis,
411 2027 545 2089 amicitia
568 2033 670 2104 vetus,
699 2026 818 2089 nefarie
840 2027 1030 2091 interfectus
1076 2028 1137 2102 Qut

74 2145 149 2187 cum
175 2127 205 2187 in
229 2126 373 2188 convivio
396 2126 507 2189 fiducia
528 2127 681 2190 amicitiae
709 2129 816 2210 regiae
843 2129 991 2191 adversus
1017 2145 1135 2212 regem,

73 2243 134 2289 sua
159 2244 252 2306 opera
279 2229 357 2306 patri
384 2227 521 2308 Philippo
549 2235 807 2309 praeponentem,
836 2229 1013 2290 memoriam
1041 2227 1135 2308 patris

75 2333 231 2404 tueretur,
253 2328 292 2388 ab
307 2327 426 2390 offenso
441 2327 554 2392 lrustra
568 2347 644 2410 rege
660 2329 815 2391 venabulo
831 2328 1027 2406 transfossus,
1043 2345 1134 2389 corn-

76 2446 174 2489 mune
187 2429 365 2490 convivium
381 2429 516 2490 moriens
530 2429 711 2490 cruentavit
742 2427 803 2490 Sed
819 2427 996 2490 Alexander
1009 2427 1136 2488 humani

75 2529 251 2609 sanguinis
261 2528 485 2605 insaturabilis,
512 2529 580 2589 sive
606 2527 739 2588 bostium
765 2526 833 2588 sivo
854 2527 946 2588 etiam
969 2526 1134 2603 sociorum,

76 2636 239 2691 recentem
260 2637 363 2691 tamon
386 2645 508 2708 semper
529 2627 652 2690 sitiebat
672 2643 823 2692 cruorem.
855 2626 962 2706 ltaque
986 2626 1136 2707 pertinaci

78 2732 196 2811 impetu
218 2731 250 2791 in
265 2730 345 2794 bella
360 2722 561 2811 procurrens,
584 2727 764 2790 Cborasmos
781 2735 812 2789 ot
826 2727 940 2804 Dahas,
957 2727 1135 2788 indomitam

75 2819 223 2911 gentem,
245 2833 277 2892 in
302 2833 488 2894 deditionem
510 2824 643 2909 accepit:
674 2826 891 2889 Callisthenem
914 2826 1019 2906 philo·
1043 2826 1132 2902 [189]

75 2931 220 3012 sophum,
235 2933 358 3013 sibique
368 2932 448 3012 apud
461 2930 657 2994 Aristotelem
674 2927 928 3008 condiscipulum,
944 2944 1013 2988 curn
1029 2925 1132 3006 pluri·

77 3034 137 3093 mis
163 3033 233 3094 aliis
259 3033 463 3114 principibus,
495 3030 578 3112 quod
606 3047 677 3092 eum
705 3029 846 3110 deposito
869 3027 1021 3091 salutandi
1050 3043 1134 3089 more

31 3199 38 3206 ‚
78 3141 113 3194 ut
134 3135 234 3196 Deum
258 3151 320 3198 non
342 3135 497 3210 adoraret,
521 3130 641 3192 occidit

425 3340 615 3477 daput
665 3333 789 3443 xlx

110 3517 315 3586 Alexander
337 3517 473 3584 Indiam
496 3519 625 3584 donrot:
653 3513 784 3582 Porum
805 3529 919 3595 repam
940 3515 1102 3597 superat.-

372 3617 484 3685 Urbee
502 3622 691 3703 pontesque
712 3615 848 3698 aubipit

166 3747 237 3808 Post
258 3745 335 3808 baec
357 3747 471 3809 lndiam
493 3747 587 3827 petit,
610 3751 644 3805 ut
666 3743 790 3805 Oceano
813 3739 983 3816 ultimoque
1006 3734 1133 3797 Oriente

81 3846 184 3909 liniret
206 3848 383 3928 imperium,
405 3845 533 3928 Nyssam
561 3844 668 3908 urbem
696 3843 786 3917 adiit,
819 3834 970 3900 Daedalos
1004 3841 1134 3912 montes,

81 3965 242 4029 regnaque
275 3948 451 4029 Cleopbidis
484 3948 611 4027 reginae
644 3939 847 4022 expugnavit:
886 3952 966 4014 quae
999 3953 1067 3999 curn
1100 3952 1135 3997 se
