2634 4434
689 303 761 373 148

621 401 829 412 ..-...—-—

197 557 292 623 garos
306 538 462 622 proiectus
476 545 716 620 superatusque,
733 525 973 619 quatuor'millia
989 533 1124 598 militum·
1134 535 1249 598 amisit:

198 649 230 704 et
251 641 311 703 nisi
332 640 432 713 victus
454 640 598 703 celeriter
618 639 786 720 refugisset
807 639 839 701 in
861 642 971 715 castra,
994 635 1249 700 eamdeminter·

198 741 338 804 nacionis
358 740 487 816 cladem,
510 758 601 821 quarn
621 739 753 802 Baebius
776 737 890 800 dudum
912 737 950 800 ab
973 737 1091 800 eisdem
1113 737 1251 800 hostibus

197 846 360 920 acceperat
386 840 570 920 pertulisset.
614 838 653 900 Μ.
684 838 810 902 Claudio
837 837 992 916 Marcello,
1015 837 1050 910 0.
1073 837 1166 900 Fabio
1189 838 1250 908 lra-

197 941 300 1016 beono
322 940 515 1016 consulibus,
549 940 703 1019 Philippus
731 957 803 1016 rex,
831 939 885 1018 qui
913 939 1031 1020 legatos
1058 937 1162 1018 populi
1185 938 1250 1000 llo-

199 1036 286 1124 [aro]
319 1041 399 1102 mani
428 1039 628 1104 interfecerat
653 1046 779 1120 propter
804 1040 953 1102 Demetrii
981 1037 1036 1101 filii
1062 1039 1125 1116 sui,
1160 1053 1251 1119 quem

198 1139 333 1222 legatum
368 1141 493 1203 niiserat
523 1141 801 1203 verecundissimas
835 1155 944 1220 preces
970 1140 1093 1201 veniam
1121 1140 1250 1200 meruit:

198 1241 403 1323 eumdemque
426 1243 572 1303 continuo
594 1241 680 1302 velot
706 1239 850 1302 Romanis
877 1241 1008 1302 amicum
1036 1239 1148 1319 suique
1175 1257 1250 1318 prc-

199 1341 340 1419 ditcrem,
361 1341 456 1403 fratre
477 1358 603 1422 quoque
626 1342 722 1420 ipsius
742 1341 779 1402 ad
795 1340 989 1425 parricidium
1006 1340 1099 1420 patris
1114 1341 1252 1401 ministro

199 1441 275 1502 nihil
298 1440 336 1503 de
358 1447 491 1522 utroque
507 1444 651 1503 miserum
668 1441 746 1503 male
761 1443 967 1521 suspicantem
983 1457 1106 1503 veneno
1121 1441 1251 1502 necavit.

198 1539 315 1602 Eodem
343 1558 425 1603 anno
454 1541 556 1621 Scipio
582 1539 747 1604 Africanus
775 1541 812 1603 ab
842 1543 961 1624 ingrata
992 1541 1052 1602 sibi
1084 1539 1167 1602 Urbe
1200 1541 1252 1602 diu

199 1641 361 1718 exsulans,
389 1643 470 1723 apud
496 1642 654 1704 Liternum
685 1643 827 1722 oppidum
860 1641 965 1703 morbo
998 1641 1097 1721 periit.
1140 1641 1251 1704 lisdem

199 1743 291 1803 etiam
314 1742 423 1804 diebus
445 1743 578 1804 Annibal
599 1743 680 1822 apud
702 1743 836 1804 Prusiam
859 1741 1021 1822 Bithyniae
1041 1758 1159 1822 regem,
1183 1760 1251 1803 cum

198 1841 374 1904 aRcmanis
388 1849 603 1922 reposceretur
623 1856 746 1903 veneno
766 1856 836 1902 sese
857 1842 987 1902 necavit.
1023 1838 1251 1922 Philopoemen,
1284 1921 1287 1934 .

198 1941 270 2002 Dux
297 1941 483 2002 Achivorum
517 1960 534 2002 a
567 1941 728 2003 Messeniis
762 1947 868 2021 eaptus
901 1942 1084 2022 occisusque
1117 1949 1174 2004 est.
1218 1943 1251 2005 ln
1305 1936 1308 1945 '

200 2039 304 2102 Sicilia
326 2046 400 2101 tune
422 2040 551 2102 Vulcani
574 2042 685 2118 insula,
708 2061 787 2122 quae
810 2047 881 2103 ante
905 2059 966 2103 non
988 2040 1099 2118 luerat,
1122 2050 1250 2122 repente

199 2140 275 2202 mari
297 2140 379 2201 edita
401 2159 470 2202 cum
498 2141 644 2204 miraculo
675 2143 810 2203 omnium
838 2140 1003 2221 usquead
1030 2159 1112 2202 nune
1140 2151 1250 2206 manet.

200 2242 234 2315 Q.
261 2240 386 2302 Fulvius
414 2229 545 2302 Flaccus
566 2249 690 2321 praetor
717 2244 749 2304 in
776 2242 920 2303 citeriore
949 2240 1093 2319 hispania
1120 2245 1255 2330 maximo,

198 2339 315 2420 praelio
342 2341 452 2422 viginti
481 2343 537 2404 tria
567 2343 660 2404 millia
688 2343 843 2404 hominum
871 2337 966 2414 ludit,
995 2347 1129 2418 quatuor
1160 2343 1250 2406 millia

199 2441 290 2520 cepit
326 2441 369 2504 Ti.
392 2432 590 2521 sempronius
606 2443 760 2506 Gracchus
783 2443 815 2503 in
835 2440 978 2521 Hispania
1001 2439 1151 2503 ulteriore
1173 2461 1250 2506 cen-

198 2547 262 2603 tum
285 2542 424 2621 quinque
446 2542 555 2623 oppida
585 2551 713 2606 vacuata
743 2547 948 2622 quassataque
976 2539 1066 2602 hellis
1093 2542 1131 2603 ad
1159 2543 1249 2606 dodi-

199 2641 314 2701 tionem
330 2643 440 2722 coegit.
473 2642 587 2703 Eadem
610 2649 726 2704 aestate
749 2642 839 2702 etiam
862 2641 895 2701 L.
918 2641 1090 2703 Postumius
1114 2643 1146 2703 in
1169 2645 1250 2706 cite·

198 2740 281 2802 ricre
302 2739 446 2820 llispania
469 2730 669 2821 quadraginta
696 2740 790 2802 millia
817 2740 949 2802 hostium
977 2739 1060 2803 bello
1089 2742 1250 2808 interfecit

199 2837 354 2901 Gracchus
376 2848 498 2920 praetor
519 2840 634 2901 ibidem
656 2841 768 2902 iterum
791 2840 923 2903 ducenta
939 2841 1048 2921 oppida
1064 2845 1252 2924 expugnavit

200 2935 290 3013 [275]
314 2947 345 3000 et
367 2939 455 3017 cepit.
499 2939 616 3019 Lepido
641 2947 674 3002 et
699 2940 801 3004 Mucio
829 2941 1008 3003 oonsulibus
1037 2941 1251 3006 Bastarnarum
1313 2989 1314 2996 ,

198 3055 277 3119 gens
298 3037 503 3118 ferocissima,
530 3047 656 3102 auctore
684 3042 796 3105 Perseo
823 3041 952 3123 Philippi
980 3041 1042 3104 filio
1070 3044 1251 3124 praedarum

198 3155 254 3219 spe
280 3139 442 3202 sollicitata
468 3147 500 3202 et
525 3142 704 3206 transeundi
731 3143 801 3208 lstri
828 3143 962 3205 lluminis
990 3141 1151 3222 facultate,
1185 3147 1252 3208 sine

83 3218 89 3243 ⁵
198 3239 261 3301 ulla
283 3258 385 3322 pugna
411 3242 462 3304 uel
489 3242 594 3324 aliquo
621 3243 710 3307 hoste
739 3245 839 3308 deleta
869 3250 924 3305 est.
968 3243 1043 3306 Nam
1071 3251 1145 3307 tunc
1173 3244 1252 3308 iorte

199 3339 363 3422 Danubius¹
380 3343 434 3421 qui
457 3350 488 3404 et
509 3344 597 3421 Ister,
620 3361 721 3408 crassa
743 3344 843 3426 glacie
858 3350 1063 3425 superstratus
1078 3345 1252 3426 pedestrem

199 3436 290 3500 facile
317 3441 476 3502 transitum
503 3445 684 3523 patiebatur.
728 3444 836 3524 ltaque
858 3462 927 3506 cum
950 3445 1111 3525 inprovide
1134 3453 1201 3508 toto
1223 3452 1254 3508 et

199 3539 331 3601 maximo
353 3538 443 3602 simul
465 3545 588 3624 agmine
610 3543 841 3606 inaestimabilis
861 3544 1017 3607 hominum
1034 3544 1084 3606 vel
1100 3562 1254 3625 equorum

200 3639 361 3711 multitudo
394 3643 553 3721 transiret,
575 3644 772 3704 enormitate
805 3644 949 3723 ponderis
982 3651 1014 3706 et
1046 3646 1254 3708 concussione

198 3739 404 3820 gradientium
437 3758 625 3821 concrepans
654 3742 728 3823 gelu
757 3748 788 3804 et
815 3743 952 3823 glacialis
979 3752 1081 3808 crusta
1108 3745 1254 3824 dissiluit,

199 3840 440 3919 universumque
454 3858 576 3920 agmen,
599 3841 682 3920 quod
704 3842 758 3903 diu
780 3844 967 3907 sustinuerat
989 3845 1097 3908 mediis
1112 3847 1253 3927 gurgiti-

199 3934 257 3994 bus
284 3939 365 4000 victa
393 3939 514 4000 tandem
544 3946 576 4001 et
608 3941 794 4005 comminuta
828 3943 981 4008 destituit:
1016 3951 1109 4026 atque
1143 3946 1255 4010 eadem
