2634 4434
552 328 625 396 263
675 353 677 356 ⁴

485 425 692 437 ι...-

62 563 152 626 litora
169 563 279 643 passim
294 570 398 626 aestus
414 566 515 646 ejecit.
549 566 692 647 Magnum
715 585 824 630 revera
846 567 993 630 indicium
1017 571 1114 635 uase-

59 665 158 726 rantis
174 664 242 741 Dei,
265 671 388 744 propter
406 664 586 746 suffragium
607 667 725 747 gratiae
748 667 779 728 in
801 667 945 749 populum
969 670 1115 732 continuo

61 780 102 822 ex
131 771 216 843 parte
243 764 448 840 crediturum,
478 771 510 828 et
540 773 663 846 propter
689 768 753 829 irae
783 775 1055 848 temperamentum
1083 770 1117 830 in

59 864 207 942 populum
231 871 304 926 tunc
325 863 500 927 infideliter·
511 865 696 930 obstinatum
705 888 714 942 ;
749 875 783 930 ut
812 875 924 949 quanta
954 868 1117 931 multitudo

58 963 218 1024 hominum
231 971 437 1044 praeparatam
450 974 577 1027 mortem
590 969 734 1044 evaserit,
751 987 791 1030 ex
802 969 997 1032 multitudine
1013 971 1116 1031 inter-

58 1060 213 1125 fectorum
229 1065 357 1143 piscium
374 1064 559 1126 disceretur:
583 1066 788 1146 omnibusque
807 1069 1026 1146 innotesceret,
1043 1067 1117 1148 quid

58 1168 145 1224 tanta
175 1167 291 1225 veneni
319 1163 415 1224 moles
443 1170 509 1222 arte
536 1171 626 1226 aucta
664 1183 757 1246 agere
789 1169 821 1229 in
855 1170 965 1230 misera
992 1169 1117 1229 civitate

56 1263 228 1341 potuisset,
259 1280 339 1342 quae
365 1261 562 1343 negligenter
589 1263 686 1328 ellusa
720 1267 810 1330 etiam
846 1268 940 1330 maria
973 1268 1115 1346 corrupit.

430 1445 624 1583 Caput
670 1445 742 1554 ll.

55 1631 200 1700 Claudii
224 1629 355 1700 Tiberii
376 1632 542 1701 Caesarve
568 1638 639 1702 otta
667 1640 703 1700 et
726 1655 785 1702 rea
810 1640 946 1720 perlae,
976 1642 1009 1703 et
1030 1657 1117 1721 gro-

292 1737 435 1802 oiaeima
461 1735 526 1804 sat
554 1754 595 1802 eo
613 1733 726 1820 firmes
746 1736 887 1803 Romae.

147 1873 239 1936 Anno
266 1873 305 1936 ab
331 1876 414 1938 Urbe
440 1877 562 1939 condita
589 1876 753 1939 DCCXCV.
786 1876 927 1938 'liberius
961 1876 1117 1952 Claudiae,

57 1976 101 2036 ab
117 1974 257 2055 Augusto
280 1982 417 2054 quartus,
440 1995 570 2058 regnum
592 1977 721 2057 adeptus
743 1985 804 2040 est:
829 1979 1001 2057 mansitque
1024 1974 1054 2038 in
1078 1993 1116 2038 eo

58 2076 151 2136 annis
174 2076 414 2154 quatuordecim.
452 2076 587 2139 Exordio
608 2079 699 2158 regni
721 2077 788 2156 ejus
809 2078 927 2153 Petrus,
951 2078 1116 2157 Apostolus
1214 2105 1225 2120 ι

58 2175 186 2236 Domini
200 2177 297 2236 nostri
310 2175 386 2237 lesu
402 2161 523 2253 Christi,
539 2177 663 2239 Romam
680 2180 767 2238 venit
788 2184 820 2238 et
841 2179 1004 2237 salutarem
1028 2173 1115 2254 [Aba]
1171 2160 1175 2166 ⁸

58 2275 183 2336 cunctis
204 2276 403 2338 credentibus
428 2275 519 2338 fidem
548 2275 631 2338 fideli
660 2274 756 2335 verbo
784 2275 904 2349 docuit,
933 2275 1115 2352 potentissi-

58 2374 183 2452 misque
206 2376 371 2437 virtutibus
396 2375 581 2455 adprobavit.
625 2373 729 2453 Atque
757 2375 829 2434 exin
859 2373 1021 2434 Christiani
1048 2373 1115 2433 Ro-

59 2491 137 2534 mae·
154 2492 224 2535 esse
246 2481 424 2552 coeperunt.
461 2475 566 2536 Sensit
585 2471 643 2532 boc
666 2471 809 2532 collatum
832 2471 903 2530 fidei
926 2489 1000 2531 suae
1022 2471 1116 2532 Roma

59 2572 257 2634 beneficium.
301 2572 376 2632 Nam
405 2590 474 2632 curn
497 2570 660 2632 interiecto
684 2568 821 2650 Caligula
843 2568 936 2630 mulla
959 2569 997 2630 de
1020 2570 1115 2631 abro-

59 2673 168 2753 gando
195 2673 339 2751 imperio,
367 2689 403 2732 ao
428 2669 587 2750 republica
613 2671 645 2730 in
673 2671 831 2749 antiquum
858 2670 995 2732 ordinem
1019 2671 1115 2732 resti-

61 2770 198 2856 tuenda,
228 2772 458 2851 evertendaque
490 2773 612 2851 penitus
641 2769 803 2832 Caesarum
832 2771 977 2831 universa
1003 2770 1117 2832 familia

62 2879 191 2936 senatus
213 2879 246 2933 et
267 2873 410 2934 consules
427 2873 651 2947 decrevissent3
673 2871 817 2933 Claudius
840 2887 921 2946 mox,
943 2877 977 2931 ut
999 2869 1116 2932 condr-v

65 2974 161 3033 mavit
181 2973 353 3052 imperium,
376 2991 485 3055 magna
507 2979 600 3051 atque
622 2971 722 3034 adhuc
736 2971 850 3034 Rornae
866 2971 1021 3051 incognita
1043 2987 1118 3032 usus

65 3073 247 3149 clementia,
276 3090 315 3134 ne
344 3075 375 3133 in
398 3079 511 3134 tantam
537 3070 687 3132 nobilium
714 3070 940 3132 multitudinem
969 3070 1063 3148 ultio,
1091 3072 1118 3134 si

67 3179 151 3234 esset
172 3180 297 3252 coepta,
320 3173 469 3248 saeviret,
496 3169 623 3231 biduum
646 3169 738 3244 illud,
773 3185 835 3249 quo
863 3168 901 3228 de
929 3169 1119 3248 reipublicae

67 3280 150 3335 statu
176 3271 343 3334 infeliciter
369 3271 572 3333 consultatum
606 3275 770 3347 actumque
803 3267 919 3344 luerat,
953 3269 1119 3330 memoriae
1145 3283 1147 3288 ’

68 3373 200 3447 exemit,
222 3374 422 3451 omniumque
444 3359 601 3432 laetorum
617 3371 807 3431 dictorumve
829 3369 860 3428 in
883 3385 921 3430 eo
944 3370 1064 3430 veniam
1088 3377 1120 3432 et

69 3470 254 3535 oblivionem
279 3457 516 3551 inperpetuum
539 3471 648 3532 sanxit.
692 3467 736 3530 lta
765 3468 847 3530 illam
873 3470 1058 3549 praeclaram
1088 3478 1120 3532 et

70 3571 215 3632 famosam
241 3570 477 3633 Atheniensium
504 3571 700 3647 amnestiam,
734 3588 831 3649 quam,
854 3571 978 3649 quidem
1005 3571 1119 3630 Romae

71 3672 219 3733 inducere
240 3670 322 3732 lulio
346 3671 476 3733 Caesare
498 3669 661 3733 interfecto
690 3669 837 3748 Senatus,
866 3671 1014 3730 Cicerone
1042 3684 1118 3727 sua-

71 3772 164 3832 dente
186 3777 371 3847 tentaverat,
398 3770 453 3832 sed
476 3770 611 3832 Antonio
633 3778 665 3832 et
687 3770 854 3832 Octaviano
877 3772 1000 3845 propter
1021 3764 1120 3825 ultio-

71 3890 142 3932 nem
164 3872 308 3932 exstincti
331 3872 469 3932 Caesaris
492 3871 747 3950 irrumpentibus,
774 3869 805 3928 in
827 3865 944 3926 irritum
969 3872 1118 3926 cesserat:
1166 3933 1168 3936 .

70 3971 150 4034 hanc
173 3971 328 4050 Claudius,
352 3971 495 4050 quamvis
513 3971 608 4032 multo
632 3966 853 4030 truculentiore
876 3979 966 4025 causa
989 3965 1020 4024 in
1044 3983 1118 4026 cae-
