2634 4434
698 367 720 435 ²
819 456 823 460 .

182 610 281 673 brutis
304 604 557 680 excellentiores,
586 608 703 663 tanturn
724 596 958 689 rationabilibus
980 594 1239 675 propinquantes:

183 710 243 774 boc
260 714 318 786 est,
340 706 529 780 discernere,
552 721 666 776 amare,
681 700 807 762 servire.
841 697 915 760 Nam
932 697 1144 758 discernentes
1158 695 1243 755 inter
1316 669 1317 710 ¹

184 810 324 874 dominos
346 813 439 885 atque
462 811 643 880 extraneos,
667 819 728 862 nnn
751 818 806 861 eos
828 815 907 880 qnos
929 798 1134 871 insectantur,
1157 793 1241 856 nde·

183 916 269 974 runtt
291 907 347 971 sed
366 904 416 966 luis
443 920 522 984 quos
548 911 666 980 amant,
695 901 813 962 zelant:
849 906 881 961 et
913 901 1051 961 amantes
1083 895 1241 957 deminum
1316 879 1317 960 Ῐ

104 1011 107 1018 “
184 997 221 1074 aa
242 1009 376 1082 domum,
399 1021 460 1065 non
484 1005 571 1085 quasi
594 1023 634 1066 ex
657 1011 764 1065 natura
787 1003 848 1081 apti
870 999 1008 1079 corperis
1022 996 1162 1078 vigilant,
1185 996 1242 1057 sed
1316 997 1317 1076 l

185 1130 226 1184 ax
263 1105 452 1172 conscientia
489 1105 612 1168 solliciti
650 1105 762 1168 amoris
799 1098 970 1184 invigilant.
1025 1096 1113 1158 Unde
1149 1097 1242 1158 etiam

185 1210 315 1294 mystico
336 1211 527 1270 sacramento
556 1206 587 1266 in
610 1204 805 1287 Euangeliis,
833 1202 915 1284 quod
943 1201 1036 1262 edant
1063 1199 1155 1260 micas
1181 1215 1242 1259 ca·
1316 1263 1317 1282 1

185 1312 251 1376 telli
273 1308 330 1374 sub
353 1323 457 1369 mensa
481 1306 672 1368 dominorum
693 1323 830 1384 sucrum,
853 1310 885 1366 et
900 1302 1069 1364 Chananea
1084 1290 1147 1359 nnn
1163 1315 1242 1360 eru·
1316 1287 1317 1346 l

185 1413 254 1476 buit
268 1410 384 1484 dicere,
407 1413 439 1468 et
453 1407 602 1468 llbrttinus
618 1409 679 1468 non
696 1406 844 1468 fastidivit
864 1398 980 1464 audire.
1014 1399 1127 1461 Beatus
1149 1399 1243 1460 etiam
1316 1383 1317 1448 ἶ

186 1511 314 1587 lobias,
342 1508 451 1570 ducem
479 1506 623 1588 angelum
650 1524 803 1586 sequens,
830 1521 939 1568 canem
961 1502 1104 1564 comitem
1127 1499 1245 1561 babere

186 1629 249 1674 non
277 1608 400 1690 sprevit
443 1603 541 1689 ligitur
561 1603 699 1687 g'eiierali
728 1589 824 1668 amari
851 1593 906 1668 luo
938 1609 970 1664 et
1001 1601 1127 1682 speciali
1160 1616 1244 1662 een·
1316 1673 1317 1682 ¹

186 1724 302 1788 neutra,
335 1706 486 1771 voluntati
522 1712 582 1768 ture
614 1707 723 1769 velens
750 1707 845 1786 parui.
886 1703 965 1766 nam
985 1719 1062 1763 enm
1090 1699 1246 1783 subtectio
1316 1769 1317 1772 Ἴ

188 1809 235 1894 [3]
259 1805 326 1873 net
341 1791 494 1888 precepit
509 1791 701 1885 pdetntttns
722 1795 784 1867 lunt
805 1791 919 1867 iactuln
943 1795 1065 1878 debeat,
1082 1808 1246 1880 totumque
1316 1795 1317 1800 ’

186 1921 272 1977 tumn
295 1909 350 1984 sit,
373 1905 456 1986 quod
477 1922 518 1966 cx
539 1911 570 1966 te
592 1905 630 1966 ad
652 1912 684 1966 te
710 1906 806 1983 redit,
834 1922 913 1985 opus
940 1922 1059 1978 meum;
1089 1903 1147 1963 boc
1175 1900 1246 1962 solo
1316 1927 1317 1982 i

185 2029 256 2075 meo
288 2004 472 2070 cumulatius
503 1983 640 2083 calluit,
672 2007 756 2086 quod
790 1988 890 2068 libens
927 2003 997 2067 ieci.
1050 2005 1246 2083 Praeceperas
1316 2007 1317 2060 l

186 2107 271 2188 miti,
293 2113 329 2170 ut
349 2104 516 2168 scriberem
539 2105 688 2167 adversus
710 2107 908 2187 vaniloquam
928 2106 1105 2186 pravitatem
1123 2119 1246 2179 eorum,

187 2213 241 2295 qui
263 2207 356 2272 alieni
383 2222 401 2266 a
429 2204 560 2267 Civitate
589 2207 645 2267 Dei
675 2225 715 2269 ex
742 2207 879 2268 lacerum
906 2207 1074 2288 agrestium
1102 2203 1248 2282 compitis

125 2327 127 2332 ’
187 2320 220 2378 at
241 2309 327 2390 pagis
354 2305 465 2386 pagani
492 2310 656 2383 tucantur,
682 2309 752 2369 site
778 2307 930 2390 gentilem
955 2308 1007 2386 qui
1036 2313 1159 2367 terrena
1185 2320 1245 2364 sa-

186 2413 290 2495 piunt:
319 2407 389 2488 qui,
411 2421 481 2464 uum
504 2401 605 2466 lutura
630 2425 691 2468 non
715 2416 867 2488 querant,
890 2408 1043 2488 praeterita
1065 2412 1168 2467 antem
1190 2411 1248 2465 aut

187 2511 417 2581 obliviscantur,
438 2510 493 2568 aut
512 2508 662 2584 nesciant,
683 2493 845 2588 praesentia
862 2517 978 2572 tantum
995 2509 1130 2588 tempora
1145 2504 1245 2566 veluti
1315 2512 1316 2579 j

151 2627 156 2644 ·
185 2611 235 2688 [d]
258 2607 345 2670 malis
360 2612 446 2666 extra
461 2605 584 2676 solitum
601 2607 808 2684 infestissima,
820 2610 859 2668 ob
875 2609 934 2670 bec
948 2609 1047 2688 solum
1064 2606 1147 2686 qued
1164 2622 1242 2667 cre·-
1315 2592 1316 2667 l

187 2701 270 2778 ditur
291 2702 528 2792 Crinissum
555 2715 587 2770 et
615 2707 727 2769 colitur
759 2702 859 2782 Deus,
892 2707 973 2768 idola
1005 2713 1108 2767 autem
1141 2706 1246 2766 minus
1315 2722 1316 2759 t

188 2809 347 2901 coluntur,
370 2805 533 2882 infamant;
559 2810 747 2888 preceperas
768 2825 862 2887 erga,
884 2815 919 2868 ut
941 2825 981 2868 ex
1002 2805 1161 2882 omnibus,
1188 2807 1245 2884 qui
1315 2830 1316 2843 ¹

187 2909 295 2974 baberi
325 2907 366 2970 ad
398 2924 533 2988 praesens
564 2916 708 2986 pussant,
741 2907 935 2968 historiarum
968 2914 1061 2988 atque
1088 2905 1246 2968 annalium
1315 2968 1316 2973 ,

188 3009 291 3086 tastis,
315 3011 509 3089 quecunque
527 3011 583 3068 atat
605 3006 695 3068 bellis
716 3008 839 3088 gravia,
866 3015 920 3070 aut
946 3015 1090 3090 eorrnptu
1117 3006 1246 3083 morbis,

188 3117 243 3174 aut
264 3107 346 3170 lama
365 3108 474 3183 tristia,
496 3112 549 3166 aut
571 3112 721 3167 terrarum
743 3108 878 3171 motibus
893 3109 1053 3188 terribilia,
1075 3115 1129 3172 aut
1143 3109 1245 3170 inun-
1315 3090 1316 3163 ἶ

187 3207 363 3272 dationibus
382 3221 532 3286 aquarum
555 3204 693 3284 inaulita,
715 3214 768 3270 ant
794 3209 1008 3289 eruptionibus
1030 3210 1147 3293 ignium
1170 3223 1244 3269 me·
1315 3234 1316 3289 3

187 3308 321 3384 tuenda,
349 3303 540 3367 antiatibus
567 3303 728 3369 fulminum
755 3309 916 3392 plagisque
942 3311 1125 3393 grandinum
1153 3306 1245 3384 iera,

188 3407 240 3470 rel
260 3407 352 3470 attam
375 3405 547 3484 parricidiis
565 3405 756 3490 *dmitiistpue
778 3410 900 3489 misena,
922 3427 979 3491 per
992 3415 1144 3473 mansuetu
1158 3415 1245 3470 retra

188 3505 294 3574 secula
320 3505 520 3585 reperissem,
541 3507 687 3570 'ordinatu
713 3509 853 3574 breviter
879 3510 1044 3574 uoluminis
1070 3516 1158 3573 textu
1180 3525 1244 3572 ex·
1315 3512 1316 3593 J

187 3607 349 3688 plicarum:
373 3607 505 3669 maxime
521 3606 597 3670 ''eurb
617 3611 824 3686 reuerentiam
847 3618 946 3687 mam,
972 3609 1159 3689 perficiendo
1180 3609 1243 3672 ad-
1315 3612 1316 3659 l

147 3773 150 3780 ,
187 3722 296 3770 vemas
318 3704 374 3767 bes
396 3705 478 3786 ipsas
500 3709 634 3790 paganus
656 3710 821 3776 summme
841 3710 922 3773 libre
936 3709 1129 3771 insistentem
1145 3709 1243 3790 (qne-
1315 3720 1316 3735 ¹

185 3821 255 3895 rum
272 3805 335 3885 jam
357 3805 466 3869 decern
488 3808 631 3895 brianus
646 3809 741 3887 rad-ii,
770 3827 841 3874 mox
867 3810 963 3871 atde
983 3803 1110 3889 specula
1129 3809 1242 3872 eccle*
1315 3822 1316 3825 ’

186 3903 317 3968 siasticle
332 3906 477 3970 claritatis
493 3907 565 3972 elati
579 3917 663 3988 sunt,
685 3910 848 4000 tntoarba
868 3907 1033 3990 inserunt)
1056 3910 1120 3973 leti
1141 3919 1243 3989 epus-

187 4003 258 4068 culo
277 4008 423 4092 aucupari
444 4010 506 4074 ann
517 4011 691 4092 oporteret:
715 4017 747 4073 et
759 4015 886 4073 sanetus
900 4006 982 4074 ilius
996 4017 1080 4091 tuus,
1097 4009 1244 4073 dulianm
