<?xml version="1.0" encoding="UTF-8"?>
<!DOCTYPE html PUBLIC "-//W3C//DTD XHTML 1.0 Transitional//EN"
    "http://www.w3.org/TR/xhtml1/DTD/xhtml1-transitional.dtd">
<html xmlns="http://www.w3.org/1999/xhtml" xml:lang="en" lang="en">
 <head>
  <title>
</title>
<meta http-equiv="Content-Type" content="text/html;charset=utf-8" />
  <meta name='ocr-system' content='tesseract 3.04.00' />
  <meta name='ocr-capabilities' content='ocr_page ocr_carea ocr_par ocr_line ocrx_word'/>
</head>
<body>
  <div class='ocr_page' id='page_1' title='image "./pauliorosiipres00havegoog_0101.png"; bbox 0 0 2634 4434; ppageno 0'>
   <div class='ocr_carea' id='block_1_1' title="bbox 708 309 841 404">
    <p class='ocr_par' dir='ltr' id='par_1_1' title="bbox 708 309 841 404">
     <span class='ocr_line' id='line_1_1' title="bbox 708 309 841 404; baseline -0.015 -24"><span class='ocrx_word' id='word_1_1' title='bbox 708 309 841 404; x_wconf 37' lang='lat' dir='ltr'><strong>or,</strong></span> 
     </span>
    </p>
   </div>
   <div class='ocr_carea' id='block_1_2' title="bbox 199 544 1312 1943">
    <p class='ocr_par' dir='ltr' id='par_1_2' title="bbox 199 544 1312 1943">
     <span class='ocr_line' id='line_1_2' title="bbox 207 544 1254 630; baseline -0.01 -14"><span class='ocrx_word' id='word_1_2' title='bbox 207 554 240 616; x_wconf 93' lang='lat' dir='ltr'><strong>iu</strong></span> <span class='ocrx_word' id='word_1_3' title='bbox 277 548 418 630; x_wconf 87' lang='lat' dir='ltr'><strong>sepulcra</strong></span> <span class='ocrx_word' id='word_1_4' title='bbox 455 547 602 628; x_wconf 89' lang='lat' dir='ltr'><strong>majorum</strong></span> <span class='ocrx_word' id='word_1_5' title='bbox 641 547 831 627; x_wconf 75' lang='lat' dir='ltr'><strong>sepelirique</strong></span> <span class='ocrx_word' id='word_1_6' title='bbox 868 544 1040 624; x_wconf 88' lang='lat' dir='ltr'><strong>praecepit:</strong></span> <span class='ocrx_word' id='word_1_7' title='bbox 1076 545 1165 625; x_wconf 87' lang='lat' dir='ltr'><strong>cujus</strong></span> <span class='ocrx_word' id='word_1_8' title='bbox 1198 563 1254 608; x_wconf 86' lang='lat' dir='ltr'><strong>nou</strong></span> 
     </span>
     <span class='ocr_line' id='line_1_3' title="bbox 207 643 1254 724; baseline -0.007 -9"><span class='ocrx_word' id='word_1_9' title='bbox 207 653 305 715; x_wconf 89' lang='lat' dir='ltr'><strong>dicam</strong></span> <span class='ocrx_word' id='word_1_10' title='bbox 328 655 454 710; x_wconf 88' lang='lat' dir='ltr'><strong>matrem</strong></span> <span class='ocrx_word' id='word_1_11' title='bbox 477 647 528 709; x_wconf 94' lang='lat' dir='ltr'><strong>vel</strong></span> <span class='ocrx_word' id='word_1_12' title='bbox 551 664 689 724; x_wconf 90' lang='lat' dir='ltr'><strong>uxorem,</strong></span> <span class='ocrx_word' id='word_1_13' title='bbox 712 645 766 710; x_wconf 89' lang='lat' dir='ltr'><strong>sed</strong></span> <span class='ocrx_word' id='word_1_14' title='bbox 783 647 875 707; x_wconf 89' lang='lat' dir='ltr'><strong>etiam</strong></span> <span class='ocrx_word' id='word_1_15' title='bbox 891 644 1032 724; x_wconf 88' lang='lat' dir='ltr'><strong>parvulas</strong></span> <span class='ocrx_word' id='word_1_16' title='bbox 1049 643 1125 706; x_wconf 88' lang='lat' dir='ltr'><strong>lrlias</strong></span> <span class='ocrx_word' id='word_1_17' title='bbox 1141 647 1254 708; x_wconf 90' lang='lat' dir='ltr'><strong>crudeli</strong></span> 
     </span>
     <span class='ocr_line' id='line_1_4' title="bbox 206 744 1252 832; baseline -0.01 -16"><span class='ocrx_word' id='word_1_18' title='bbox 206 750 381 832; x_wconf 71' lang='lat' dir='ltr'><strong>captivitate</strong></span> <span class='ocrx_word' id='word_1_19' title='bbox 403 746 564 809; x_wconf 91' lang='lat' dir='ltr'><strong>retinebat.</strong></span> <span class='ocrx_word' id='word_1_20' title='bbox 608 745 643 807; x_wconf 93' lang='lat' dir='ltr'><strong>ln</strong></span> <span class='ocrx_word' id='word_1_21' title='bbox 666 753 749 808; x_wconf 89' lang='lat' dir='ltr'><strong>tanta</strong></span> <span class='ocrx_word' id='word_1_22' title='bbox 771 746 919 808; x_wconf 88' lang='lat' dir='ltr'><strong>malorum</strong></span> <span class='ocrx_word' id='word_1_23' title='bbox 947 744 1143 808; x_wconf 88' lang='lat' dir='ltr'><strong>multitudiue</strong></span> <span class='ocrx_word' id='word_1_24' title='bbox 1173 746 1252 808; x_wconf 90' lang='lat' dir='ltr'><strong>dilli-</strong></span> 
     </span>
     <span class='ocr_line' id='line_1_5' title="bbox 204 845 1253 934; baseline -0.008 -18"><span class='ocrx_word' id='word_1_25' title='bbox 204 852 318 917; x_wconf 89' lang='lat' dir='ltr'><strong>cillima</strong></span> <span class='ocrx_word' id='word_1_26' title='bbox 339 848 428 911; x_wconf 89' lang='lat' dir='ltr'><strong>dictis</strong></span> <span class='ocrx_word' id='word_1_27' title='bbox 450 846 542 920; x_wconf 81' lang='lat' dir='ltr'><strong>lides3</strong></span> <span class='ocrx_word' id='word_1_28' title='bbox 572 845 671 908; x_wconf 91' lang='lat' dir='ltr'><strong>tribus</strong></span> <span class='ocrx_word' id='word_1_29' title='bbox 692 847 817 927; x_wconf 85' lang='lat' dir='ltr'><strong>proeliis</strong></span> <span class='ocrx_word' id='word_1_30' title='bbox 838 846 1027 924; x_wconf 89' lang='lat' dir='ltr'><strong>totidemque</strong></span> <span class='ocrx_word' id='word_1_31' title='bbox 1049 848 1139 908; x_wconf 87' lang='lat' dir='ltr'><strong>annis</strong></span> <span class='ocrx_word' id='word_1_32' title='bbox 1160 848 1253 934; x_wconf 84' lang='lat' dir='ltr'><strong>quin-</strong></span> 
     </span>
     <span class='ocr_line' id='line_1_6' title="bbox 200 927 1255 1035; baseline -0.007 -20"><span class='ocrx_word' id='word_1_33' title='bbox 200 927 294 1035; x_wconf 86' lang='lat' dir='ltr'><strong>quies</strong></span> <span class='ocrx_word' id='word_1_34' title='bbox 320 950 424 1012; x_wconf 90' lang='lat' dir='ltr'><strong>decies</strong></span> <span class='ocrx_word' id='word_1_35' title='bbox 446 952 578 1008; x_wconf 84' lang='lat' dir='ltr'><strong>centena</strong></span> <span class='ocrx_word' id='word_1_36' title='bbox 600 946 694 1008; x_wconf 87' lang='lat' dir='ltr'><strong>millia</strong></span> <span class='ocrx_word' id='word_1_37' title='bbox 716 947 852 1026; x_wconf 83' lang='lat' dir='ltr'><strong>peditum</strong></span> <span class='ocrx_word' id='word_1_38' title='bbox 875 947 1076 1026; x_wconf 88' lang='lat' dir='ltr'><strong>equitumque</strong></span> <span class='ocrx_word' id='word_1_39' title='bbox 1099 933 1255 1010; x_wconf 85' lang='lat' dir='ltr'><strong>consumta</strong></span> 
     </span>
     <span class='ocr_line' id='line_1_7' title="bbox 204 1046 1255 1127; baseline -0.008 -11"><span class='ocrx_word' id='word_1_40' title='bbox 204 1059 292 1116; x_wconf 85' lang='lat' dir='ltr'><strong>sunt:</strong></span> <span class='ocrx_word' id='word_1_41' title='bbox 321 1056 353 1111; x_wconf 88' lang='lat' dir='ltr'><strong>et</strong></span> <span class='ocrx_word' id='word_1_42' title='bbox 378 1048 456 1110; x_wconf 88' lang='lat' dir='ltr'><strong>baec</strong></span> <span class='ocrx_word' id='word_1_43' title='bbox 478 1047 602 1127; x_wconf 90' lang='lat' dir='ltr'><strong>quidem</strong></span> <span class='ocrx_word' id='word_1_44' title='bbox 625 1064 666 1108; x_wconf 90' lang='lat' dir='ltr'><strong>ex</strong></span> <span class='ocrx_word' id='word_1_45' title='bbox 689 1063 727 1108; x_wconf 92' lang='lat' dir='ltr'><strong>eo</strong></span> <span class='ocrx_word' id='word_1_46' title='bbox 749 1064 846 1127; x_wconf 86' lang='lat' dir='ltr'><strong>regno</strong></span> <span class='ocrx_word' id='word_1_47' title='bbox 869 1046 992 1126; x_wconf 84' lang='lat' dir='ltr'><strong>illisque</strong></span> <span class='ocrx_word' id='word_1_48' title='bbox 1014 1047 1151 1126; x_wconf 89' lang='lat' dir='ltr'><strong>populis,</strong></span> <span class='ocrx_word' id='word_1_49' title='bbox 1176 1049 1255 1110; x_wconf 83' lang='lat' dir='ltr'><strong>uude</strong></span> 
     </span>
     <span class='ocr_line' id='line_1_8' title="bbox 199 1139 1255 1235; baseline -0.003 -21"><span class='ocrx_word' id='word_1_50' title='bbox 199 1155 263 1235; x_wconf 89' lang='lat' dir='ltr'><strong>jam</strong></span> <span class='ocrx_word' id='word_1_51' title='bbox 290 1157 362 1213; x_wconf 90' lang='lat' dir='ltr'><strong>ante</strong></span> <span class='ocrx_word' id='word_1_52' title='bbox 389 1165 485 1210; x_wconf 89' lang='lat' dir='ltr'><strong>annos</strong></span> <span class='ocrx_word' id='word_1_53' title='bbox 512 1165 575 1209; x_wconf 89' lang='lat' dir='ltr'><strong>uon</strong></span> <span class='ocrx_word' id='word_1_54' title='bbox 603 1146 698 1208; x_wconf 90' lang='lat' dir='ltr'><strong>multo</strong></span> <span class='ocrx_word' id='word_1_55' title='bbox 726 1146 830 1227; x_wconf 89' lang='lat' dir='ltr'><strong>plures</strong></span> <span class='ocrx_word' id='word_1_56' title='bbox 859 1147 965 1209; x_wconf 90' lang='lat' dir='ltr'><strong>decies</strong></span> <span class='ocrx_word' id='word_1_57' title='bbox 991 1139 1098 1208; x_wconf 75' lang='lat' dir='ltr'><strong>nobles</strong></span> <span class='ocrx_word' id='word_1_58' title='bbox 1126 1157 1255 1211; x_wconf 89' lang='lat' dir='ltr'><strong>centem</strong></span> 
     </span>
     <span class='ocr_line' id='line_1_9' title="bbox 203 1245 1256 1330; baseline -0.003 -16"><span class='ocrx_word' id='word_1_59' title='bbox 203 1252 299 1315; x_wconf 91' lang='lat' dir='ltr'><strong>millia</strong></span> <span class='ocrx_word' id='word_1_60' title='bbox 326 1248 484 1330; x_wconf 86' lang='lat' dir='ltr'><strong>profligata</strong></span> <span class='ocrx_word' id='word_1_61' title='bbox 518 1245 710 1309; x_wconf 84' lang='lat' dir='ltr'><strong>referuntur:</strong></span> <span class='ocrx_word' id='word_1_62' title='bbox 746 1266 928 1329; x_wconf 85' lang='lat' dir='ltr'><strong>quamquam</strong></span> <span class='ocrx_word' id='word_1_63' title='bbox 958 1254 1043 1310; x_wconf 92' lang='lat' dir='ltr'><strong>extra</strong></span> <span class='ocrx_word' id='word_1_64' title='bbox 1072 1247 1126 1309; x_wconf 87' lang='lat' dir='ltr'><strong>bas</strong></span> <span class='ocrx_word' id='word_1_65' title='bbox 1154 1249 1256 1311; x_wconf 90' lang='lat' dir='ltr'><strong>clades</strong></span> 
     </span>
     <span class='ocr_line' id='line_1_10' title="bbox 202 1348 1256 1432; baseline -0.001 -20"><span class='ocrx_word' id='word_1_66' title='bbox 202 1369 259 1432; x_wconf 91' lang='lat' dir='ltr'><strong>per</strong></span> <span class='ocrx_word' id='word_1_67' title='bbox 280 1349 405 1411; x_wconf 90' lang='lat' dir='ltr'><strong>eosdem</strong></span> <span class='ocrx_word' id='word_1_68' title='bbox 428 1355 490 1409; x_wconf 91' lang='lat' dir='ltr'><strong>tres</strong></span> <span class='ocrx_word' id='word_1_69' title='bbox 512 1364 609 1409; x_wconf 88' lang='lat' dir='ltr'><strong>armos</strong></span> <span class='ocrx_word' id='word_1_70' title='bbox 632 1354 664 1409; x_wconf 92' lang='lat' dir='ltr'><strong>et</strong></span> <span class='ocrx_word' id='word_1_71' title='bbox 678 1348 771 1410; x_wconf 87' lang='lat' dir='ltr'><strong>Asiae</strong></span> <span class='ocrx_word' id='word_1_72' title='bbox 787 1350 927 1410; x_wconf 85' lang='lat' dir='ltr'><strong>civitates</strong></span> <span class='ocrx_word' id='word_1_73' title='bbox 942 1348 1091 1428; x_wconf 84' lang='lat' dir='ltr'><strong>plurimae</strong></span> <span class='ocrx_word' id='word_1_74' title='bbox 1107 1366 1256 1430; x_wconf 88' lang='lat' dir='ltr'><strong>oppresae</strong></span> 
     </span>
     <span class='ocr_line' id='line_1_11' title="bbox 201 1447 1255 1529; baseline -0.002 -15"><span class='ocrx_word' id='word_1_75' title='bbox 201 1453 265 1514; x_wconf 89' lang='lat' dir='ltr'><strong>siut</strong></span> <span class='ocrx_word' id='word_1_76' title='bbox 286 1455 318 1510; x_wconf 88' lang='lat' dir='ltr'><strong>et</strong></span> <span class='ocrx_word' id='word_1_77' title='bbox 340 1447 427 1528; x_wconf 83' lang='lat' dir='ltr'><strong>Syria</strong></span> <span class='ocrx_word' id='word_1_78' title='bbox 449 1455 513 1509; x_wconf 89' lang='lat' dir='ltr'><strong>tota</strong></span> <span class='ocrx_word' id='word_1_79' title='bbox 534 1454 667 1526; x_wconf 79' lang='lat' dir='ltr'><strong>vastata,</strong></span> <span class='ocrx_word' id='word_1_80' title='bbox 689 1448 788 1529; x_wconf 81' lang='lat' dir='ltr'><strong>&#39;lyrus</strong></span> <span class='ocrx_word' id='word_1_81' title='bbox 810 1451 928 1526; x_wconf 88' lang='lat' dir='ltr'><strong>excisa,</strong></span> <span class='ocrx_word' id='word_1_82' title='bbox 959 1448 1064 1510; x_wconf 87' lang='lat' dir='ltr'><strong>Cilicia</strong></span> <span class='ocrx_word' id='word_1_83' title='bbox 1087 1451 1255 1528; x_wconf 87' lang='lat' dir='ltr'><strong>exinanita,</strong></span> 
     </span>
     <span class='ocr_line' id='line_1_12' title="bbox 202 1547 1312 1636; baseline 0.001 -25"><span class='ocrx_word' id='word_1_84' title='bbox 202 1549 391 1629; x_wconf 79' lang='lat' dir='ltr'><strong>Cappadocia</strong></span> <span class='ocrx_word' id='word_1_85' title='bbox 413 1547 555 1625; x_wconf 86' lang='lat' dir='ltr'><strong>subacta,</strong></span> <span class='ocrx_word' id='word_1_86' title='bbox 578 1550 738 1630; x_wconf 79' lang='lat' dir='ltr'><strong>Aegyptus</strong></span> <span class='ocrx_word' id='word_1_87' title='bbox 760 1551 881 1613; x_wconf 89' lang='lat' dir='ltr'><strong>addicta</strong></span> <span class='ocrx_word' id='word_1_88' title='bbox 903 1551 956 1612; x_wconf 91' lang='lat' dir='ltr'><strong>sit:</strong></span> <span class='ocrx_word' id='word_1_89' title='bbox 982 1549 1107 1613; x_wconf 86' lang='lat' dir='ltr'><strong>Rhodus</strong></span> <span class='ocrx_word' id='word_1_90' title='bbox 1130 1569 1256 1631; x_wconf 90' lang='lat' dir='ltr'><strong>quoque</strong></span> <span class='ocrx_word' id='word_1_91' title='bbox 1311 1624 1312 1636; x_wconf 10' lang='grc' dir='ltr'>χ</span> 
     </span>
     <span class='ocr_line' id='line_1_13' title="bbox 202 1647 1254 1730; baseline 0.001 -20"><span class='ocrx_word' id='word_1_92' title='bbox 202 1649 302 1710; x_wconf 89' lang='lat' dir='ltr'><strong>insula</strong></span> <span class='ocrx_word' id='word_1_93' title='bbox 334 1647 415 1710; x_wconf 90' lang='lat' dir='ltr'><strong>ultro</strong></span> <span class='ocrx_word' id='word_1_94' title='bbox 444 1650 482 1711; x_wconf 91' lang='lat' dir='ltr'><strong>ad</strong></span> <span class='ocrx_word' id='word_1_95' title='bbox 511 1649 691 1712; x_wconf 88' lang='lat' dir='ltr'><strong>servitutem</strong></span> <span class='ocrx_word' id='word_1_96' title='bbox 720 1650 898 1714; x_wconf 83' lang='lat' dir='ltr'><strong>tremefacta</strong></span> <span class='ocrx_word' id='word_1_97' title='bbox 924 1653 1123 1727; x_wconf 83' lang='lat' dir='ltr'><strong>successerit,</strong></span> <span class='ocrx_word' id='word_1_98' title='bbox 1151 1651 1254 1730; x_wconf 90' lang='lat' dir='ltr'><strong>pluri-</strong></span> 
     </span>
     <span class='ocr_line' id='line_1_14' title="bbox 201 1749 1259 1839; baseline 0.003 -30"><span class='ocrx_word' id='word_1_99' title='bbox 201 1767 332 1829; x_wconf 87' lang='lat' dir='ltr'><strong>maeque</strong></span> <span class='ocrx_word' id='word_1_100' title='bbox 347 1749 504 1828; x_wconf 85' lang='lat' dir='ltr'><strong>subjectac</strong></span> <span class='ocrx_word' id='word_1_101' title='bbox 516 1750 615 1812; x_wconf 85' lang='lat' dir='ltr'><strong>&#39;lauro</strong></span> <span class='ocrx_word' id='word_1_102' title='bbox 631 1751 819 1829; x_wconf 89' lang='lat' dir='ltr'><strong>provinciae,</strong></span> <span class='ocrx_word' id='word_1_103' title='bbox 842 1758 934 1831; x_wconf 90' lang='lat' dir='ltr'><strong>atque</strong></span> <span class='ocrx_word' id='word_1_104' title='bbox 950 1751 1016 1830; x_wconf 90' lang='lat' dir='ltr'><strong>ipse</strong></span> <span class='ocrx_word' id='word_1_105' title='bbox 1033 1768 1119 1812; x_wconf 88' lang='lat' dir='ltr'><strong>mons</strong></span> <span class='ocrx_word' id='word_1_106' title='bbox 1137 1751 1259 1839; x_wconf 85' lang='lat' dir='ltr'><strong>&#39;laurus</strong></span> 
     </span>
     <span class='ocr_line' id='line_1_15' title="bbox 201 1848 1121 1943; baseline 0.005 -33"><span class='ocrx_word' id='word_1_107' title='bbox 201 1848 254 1911; x_wconf 91' lang='lat' dir='ltr'><strong>diu</strong></span> <span class='ocrx_word' id='word_1_108' title='bbox 275 1848 476 1943; x_wconf 84' lang='lat' dir='ltr'><strong>detrectatum</strong></span> <span class='ocrx_word' id='word_1_109' title='bbox 494 1849 760 1931; x_wconf 89' lang='lat' dir='ltr'><strong>jugumdomitus</strong></span> <span class='ocrx_word' id='word_1_110' title='bbox 783 1857 814 1912; x_wconf 88' lang='lat' dir='ltr'><strong>at</strong></span> <span class='ocrx_word' id='word_1_111' title='bbox 836 1851 935 1913; x_wconf 89' lang='lat' dir='ltr'><strong>victus</strong></span> <span class='ocrx_word' id='word_1_112' title='bbox 957 1853 1121 1932; x_wconf 84' lang='lat' dir='ltr'><strong>acceperit.</strong></span> 
     </span>
    </p>
   </div>
   <div class='ocr_carea' id='block_1_3' title="bbox 438 2093 930 2252">
    <p class='ocr_par' dir='ltr' id='par_1_3' title="bbox 438 2093 930 2252">
     <span class='ocr_line' id='line_1_16' title="bbox 438 2093 930 2252; baseline -0.006 -47"><span class='ocrx_word' id='word_1_113' title='bbox 438 2093 441 2095; x_wconf 69' lang='grc'><strong>’</strong></span> <span class='ocrx_word' id='word_1_114' title='bbox 510 2099 699 2252; x_wconf 74' lang='lat' dir='ltr'><strong>vaput</strong></span> <span class='ocrx_word' id='word_1_115' title='bbox 750 2099 930 2209; x_wconf 83' lang='lat' dir='ltr'><strong>llllll.</strong></span> 
     </span>
    </p>
   </div>
   <div class='ocr_carea' id='block_1_4' title="bbox 195 2297 1313 2592">
    <p class='ocr_par' dir='ltr' id='par_1_4' title="bbox 195 2297 1313 2592">
     <span class='ocr_line' id='line_1_17' title="bbox 196 2297 1261 2400; baseline 0.006 -30"><span class='ocrx_word' id='word_1_116' title='bbox 196 2303 254 2370; x_wconf 85' lang='lat' dir='ltr'><strong>De</strong></span> <span class='ocrx_word' id='word_1_117' title='bbox 275 2301 370 2368; x_wconf 84' lang='lat' dir='ltr'><strong>dettir</strong></span> <span class='ocrx_word' id='word_1_118' title='bbox 384 2297 504 2382; x_wconf 82' lang='lat' dir='ltr'><strong>Apidia</strong></span> <span class='ocrx_word' id='word_1_119' title='bbox 524 2301 617 2385; x_wconf 74' lang='lat' dir='ltr'><strong>repis</strong></span> <span class='ocrx_word' id='word_1_120' title='bbox 630 2299 906 2388; x_wconf 72' lang='lat' dir='ltr'><strong>Spartanorum,</strong></span> <span class='ocrx_word' id='word_1_121' title='bbox 928 2304 1123 2375; x_wconf 75' lang='lat' dir='ltr'><strong>Alexandri</strong></span> <span class='ocrx_word' id='word_1_122' title='bbox 1136 2311 1261 2400; x_wconf 79' lang='lat' dir='ltr'><strong>Epiri,</strong></span> 
     </span>
     <span class='ocr_line' id='line_1_18' title="bbox 195 2399 1258 2491; baseline 0.009 -20"><span class='ocrx_word' id='word_1_123' title='bbox 195 2403 408 2488; x_wconf 75' lang='lat' dir='ltr'><strong>Zopynonn</strong></span> <span class='ocrx_word' id='word_1_124' title='bbox 426 2399 608 2488; x_wconf 80' lang='lat' dir='ltr'><strong>praefecti:</strong></span> <span class='ocrx_word' id='word_1_125' title='bbox 636 2407 679 2471; x_wconf 88' lang='lat' dir='ltr'><strong>dc</strong></span> <span class='ocrx_word' id='word_1_126' title='bbox 703 2409 841 2491; x_wconf 79' lang='lat' dir='ltr'><strong>populis</strong></span> <span class='ocrx_word' id='word_1_127' title='bbox 867 2410 949 2490; x_wconf 85' lang='lat' dir='ltr'><strong>port</strong></span> <span class='ocrx_word' id='word_1_128' title='bbox 976 2406 1080 2474; x_wconf 87' lang='lat' dir='ltr'><strong>Darii</strong></span> <span class='ocrx_word' id='word_1_129' title='bbox 1105 2419 1258 2481; x_wconf 84' lang='lat' dir='ltr'><strong>mortem</strong></span> 
     </span>
     <span class='ocr_line' id='line_1_19' title="bbox 196 2503 1313 2592; baseline 0.008 -20"><span class='ocrx_word' id='word_1_130' title='bbox 196 2505 239 2572; x_wconf 84' lang='lat' dir='ltr'><strong>cd</strong></span> <span class='ocrx_word' id='word_1_131' title='bbox 260 2503 464 2572; x_wconf 80' lang='lat' dir='ltr'><strong>Alexandro</strong></span> <span class='ocrx_word' id='word_1_132' title='bbox 493 2504 663 2587; x_wconf 66' lang='lat' dir='ltr'><strong>monens,</strong></span> <span class='ocrx_word' id='word_1_133' title='bbox 693 2508 837 2592; x_wconf 75' lang='lat' dir='ltr'><strong>ejusque</strong></span> <span class='ocrx_word' id='word_1_134' title='bbox 863 2509 900 2574; x_wconf 86' lang='lat' dir='ltr'><strong>in</strong></span> <span class='ocrx_word' id='word_1_135' title='bbox 926 2527 1012 2576; x_wconf 82' lang='lat' dir='ltr'><strong>anor</strong></span> <span class='ocrx_word' id='word_1_136' title='bbox 1038 2513 1258 2582; x_wconf 77' lang='lat' dir='ltr'><strong>erudelitate.</strong></span> <span class='ocrx_word' id='word_1_137' title='bbox 1312 2555 1313 2562; x_wconf 24' lang='grc' dir='ltr'><strong>κ</strong></span> 
     </span>
    </p>
   </div>
   <div class='ocr_carea' id='block_1_5' title="bbox 102 2655 1255 3845">
    <p class='ocr_par' dir='ltr' id='par_1_5' title="bbox 102 2655 1255 3845">
     <span class='ocr_line' id='line_1_20' title="bbox 279 2655 1255 2743; baseline 0.012 -25"><span class='ocrx_word' id='word_1_138' title='bbox 279 2656 318 2718; x_wconf 88' lang='lat' dir='ltr'><strong>Et</strong></span> <span class='ocrx_word' id='word_1_139' title='bbox 339 2673 380 2717; x_wconf 90' lang='lat' dir='ltr'><strong>ue</strong></span> <span class='ocrx_word' id='word_1_140' title='bbox 408 2655 489 2720; x_wconf 87' lang='lat' dir='ltr'><strong>forte</strong></span> <span class='ocrx_word' id='word_1_141' title='bbox 515 2676 598 2719; x_wconf 87' lang='lat' dir='ltr'><strong>nunc</strong></span> <span class='ocrx_word' id='word_1_142' title='bbox 627 2661 788 2739; x_wconf 90' lang='lat' dir='ltr'><strong>quisquam</strong></span> <span class='ocrx_word' id='word_1_143' title='bbox 823 2664 981 2743; x_wconf 84' lang='lat' dir='ltr'><strong>opinetur,</strong></span> <span class='ocrx_word' id='word_1_144' title='bbox 1014 2665 1065 2726; x_wconf 90' lang='lat' dir='ltr'><strong>vel</strong></span> <span class='ocrx_word' id='word_1_145' title='bbox 1097 2667 1255 2732; x_wconf 86' lang='lat' dir='ltr'><strong>orientem</strong></span> 
     </span>
     <span class='ocr_line' id='line_1_21' title="bbox 193 2754 1255 2840; baseline 0.01 -20"><span class='ocrx_word' id='word_1_146' title='bbox 193 2757 292 2820; x_wconf 85' lang='lat' dir='ltr'><strong>solum</strong></span> <span class='ocrx_word' id='word_1_147' title='bbox 307 2754 477 2817; x_wconf 86' lang='lat' dir='ltr'><strong>Alexandri</strong></span> <span class='ocrx_word' id='word_1_148' title='bbox 499 2757 616 2820; x_wconf 89' lang='lat' dir='ltr'><strong>viribus</strong></span> <span class='ocrx_word' id='word_1_149' title='bbox 637 2758 810 2840; x_wconf 86' lang='lat' dir='ltr'><strong>subactum,</strong></span> <span class='ocrx_word' id='word_1_150' title='bbox 830 2763 882 2824; x_wconf 88' lang='lat' dir='ltr'><strong>vel</strong></span> <span class='ocrx_word' id='word_1_151' title='bbox 900 2762 1016 2826; x_wconf 89' lang='lat' dir='ltr'><strong>ltaliam</strong></span> <span class='ocrx_word' id='word_1_152' title='bbox 1038 2771 1255 2833; x_wconf 87' lang='lat' dir='ltr'><strong>tautummodo</strong></span> 
     </span>
     <span class='ocr_line' id='line_1_22' title="bbox 191 2856 1252 2950; baseline 0.011 -30"><span class='ocrx_word' id='word_1_153' title='bbox 191 2857 328 2920; x_wconf 87' lang='lat' dir='ltr'><strong>Romana</strong></span> <span class='ocrx_word' id='word_1_154' title='bbox 349 2856 564 2934; x_wconf 89' lang='lat' dir='ltr'><strong>inquietudine</strong></span> <span class='ocrx_word' id='word_1_155' title='bbox 586 2857 753 2940; x_wconf 80' lang='lat' dir='ltr'><strong>fatigatam,</strong></span> <span class='ocrx_word' id='word_1_156' title='bbox 778 2869 853 2924; x_wconf 88' lang='lat' dir='ltr'><strong>tuuc</strong></span> <span class='ocrx_word' id='word_1_157' title='bbox 875 2865 966 2926; x_wconf 89' lang='lat' dir='ltr'><strong>etiam</strong></span> <span class='ocrx_word' id='word_1_158' title='bbox 988 2865 1104 2928; x_wconf 92' lang='lat' dir='ltr'><strong>bellum</strong></span> <span class='ocrx_word' id='word_1_159' title='bbox 1127 2867 1252 2950; x_wconf 83' lang='lat' dir='ltr'><strong>Agidis,</strong></span> 
     </span>
     <span class='ocr_line' id='line_1_23' title="bbox 192 2953 1249 3049; baseline 0.013 -31"><span class='ocrx_word' id='word_1_160' title='bbox 192 2953 280 3040; x_wconf 76' lang='lat'>[187]</span> <span class='ocrx_word' id='word_1_161' title='bbox 305 2955 520 3036; x_wconf 85' lang='lat' dir='ltr'><strong>Spartanorum</strong></span> <span class='ocrx_word' id='word_1_162' title='bbox 543 2961 637 3039; x_wconf 88' lang='lat' dir='ltr'><strong>regis,</strong></span> <span class='ocrx_word' id='word_1_163' title='bbox 653 2959 685 3020; x_wconf 90' lang='lat' dir='ltr'><strong>in</strong></span> <span class='ocrx_word' id='word_1_164' title='bbox 702 2957 840 3042; x_wconf 88' lang='lat' dir='ltr'><strong>Graecia,</strong></span> <span class='ocrx_word' id='word_1_165' title='bbox 856 2963 1034 3044; x_wconf 84' lang='lat' dir='ltr'><strong>Alexandri,</strong></span> <span class='ocrx_word' id='word_1_166' title='bbox 1050 2969 1133 3048; x_wconf 85' lang='lat' dir='ltr'><strong>regis</strong></span> <span class='ocrx_word' id='word_1_167' title='bbox 1149 2968 1249 3049; x_wconf 85' lang='lat' dir='ltr'><strong>Epiri,</strong></span> 
     </span>
     <span class='ocr_line' id='line_1_24' title="bbox 191 3055 1246 3150; baseline 0.01 -30"><span class='ocrx_word' id='word_1_168' title='bbox 191 3058 224 3120; x_wconf 93' lang='lat' dir='ltr'><strong>iu</strong></span> <span class='ocrx_word' id='word_1_169' title='bbox 256 3057 407 3134; x_wconf 87' lang='lat' dir='ltr'><strong>Lucania,</strong></span> <span class='ocrx_word' id='word_1_170' title='bbox 444 3055 624 3138; x_wconf 77' lang='lat' dir='ltr'><strong>Zopyrionis</strong></span> <span class='ocrx_word' id='word_1_171' title='bbox 656 3061 805 3140; x_wconf 87' lang='lat' dir='ltr'><strong>praelecti</strong></span> <span class='ocrx_word' id='word_1_172' title='bbox 837 3065 869 3127; x_wconf 90' lang='lat' dir='ltr'><strong>in</strong></span> <span class='ocrx_word' id='word_1_173' title='bbox 903 3065 1026 3147; x_wconf 84' lang='lat' dir='ltr'><strong>Scythia</strong></span> <span class='ocrx_word' id='word_1_174' title='bbox 1059 3068 1246 3150; x_wconf 85' lang='lat' dir='ltr'><strong>gerebatur:</strong></span> 
     </span>
     <span class='ocr_line' id='line_1_25' title="bbox 191 3156 1246 3240; baseline 0.013 -20"><span class='ocrx_word' id='word_1_175' title='bbox 191 3175 321 3238; x_wconf 89' lang='lat' dir='ltr'><strong>quorum</strong></span> <span class='ocrx_word' id='word_1_176' title='bbox 344 3156 421 3238; x_wconf 88' lang='lat' dir='ltr'><strong>Agis</strong></span> <span class='ocrx_word' id='word_1_177' title='bbox 442 3157 714 3240; x_wconf 86' lang='lat' dir='ltr'><strong>Lacedaemonius,</strong></span> <span class='ocrx_word' id='word_1_178' title='bbox 738 3165 869 3228; x_wconf 87' lang='lat' dir='ltr'><strong>excitata</strong></span> <span class='ocrx_word' id='word_1_179' title='bbox 892 3175 924 3228; x_wconf 90' lang='lat' dir='ltr'><strong>et</strong></span> <span class='ocrx_word' id='word_1_180' title='bbox 944 3167 1114 3231; x_wconf 88' lang='lat' dir='ltr'><strong>rebellante</strong></span> <span class='ocrx_word' id='word_1_181' title='bbox 1137 3188 1246 3234; x_wconf 89' lang='lat' dir='ltr'><strong>secum</strong></span> 
     </span>
     <span class='ocr_line' id='line_1_26' title="bbox 189 3250 1244 3350; baseline 0.015 -32"><span class='ocrx_word' id='word_1_182' title='bbox 189 3258 334 3319; x_wconf 91' lang='lat' dir='ltr'><strong>universa</strong></span> <span class='ocrx_word' id='word_1_183' title='bbox 369 3254 497 3321; x_wconf 88' lang='lat' dir='ltr'><strong>Graecia</strong></span> <span class='ocrx_word' id='word_1_184' title='bbox 537 3278 605 3322; x_wconf 92' lang='lat' dir='ltr'><strong>cum</strong></span> <span class='ocrx_word' id='word_1_185' title='bbox 640 3261 794 3348; x_wconf 89' lang='lat' dir='ltr'><strong>Antipatri</strong></span> <span class='ocrx_word' id='word_1_186' title='bbox 826 3250 999 3339; x_wconf 78' lang='lat' dir='ltr'><strong>fortissimis</strong></span> <span class='ocrx_word' id='word_1_187' title='bbox 1032 3271 1128 3350; x_wconf 88' lang='lat' dir='ltr'><strong>copiis</strong></span> <span class='ocrx_word' id='word_1_188' title='bbox 1161 3289 1244 3334; x_wconf 90' lang='lat' dir='ltr'><strong>con-</strong></span> 
     </span>
     <span class='ocr_line' id='line_1_27' title="bbox 113 3357 1243 3453; baseline 0.019 -40"><span class='ocrx_word' id='word_1_189' title='bbox 113 3412 122 3424; x_wconf 85' lang='grc'><strong>,</strong></span> <span class='ocrx_word' id='word_1_190' title='bbox 188 3373 329 3436; x_wconf 79' lang='lat' dir='ltr'><strong>gressus,</strong></span> <span class='ocrx_word' id='word_1_191' title='bbox 361 3357 443 3418; x_wconf 90' lang='lat' dir='ltr'><strong>iuter</strong></span> <span class='ocrx_word' id='word_1_192' title='bbox 475 3378 601 3441; x_wconf 87' lang='lat' dir='ltr'><strong>magnas</strong></span> <span class='ocrx_word' id='word_1_193' title='bbox 632 3369 834 3445; x_wconf 89' lang='lat' dir='ltr'><strong>utrorumque</strong></span> <span class='ocrx_word' id='word_1_194' title='bbox 863 3375 981 3450; x_wconf 85' lang='lat' dir='ltr'><strong>strages</strong></span> <span class='ocrx_word' id='word_1_195' title='bbox 1011 3372 1136 3451; x_wconf 87' lang='lat' dir='ltr'><strong>etipse</strong></span> <span class='ocrx_word' id='word_1_196' title='bbox 1158 3387 1243 3453; x_wconf 68' lang='lat' dir='ltr'><strong>&#39;pro-</strong></span> 
     </span>
     <span class='ocr_line' id='line_1_28' title="bbox 187 3454 1243 3536; baseline 0.02 -21"><span class='ocrx_word' id='word_1_197' title='bbox 187 3454 303 3516; x_wconf 90' lang='lat' dir='ltr'><strong>cubuit.</strong></span> <span class='ocrx_word' id='word_1_198' title='bbox 354 3455 532 3520; x_wconf 83' lang='lat' dir='ltr'><strong>Alexander</strong></span> <span class='ocrx_word' id='word_1_199' title='bbox 563 3468 666 3524; x_wconf 91' lang='lat' dir='ltr'><strong>autem</strong></span> <span class='ocrx_word' id='word_1_200' title='bbox 699 3465 731 3525; x_wconf 91' lang='lat' dir='ltr'><strong>iu</strong></span> <span class='ocrx_word' id='word_1_201' title='bbox 763 3465 849 3529; x_wconf 90' lang='lat' dir='ltr'><strong>ltalia</strong></span> <span class='ocrx_word' id='word_1_202' title='bbox 882 3469 1038 3533; x_wconf 83' lang='lat' dir='ltr'><strong>adfectans</strong></span> <span class='ocrx_word' id='word_1_203' title='bbox 1071 3474 1243 3536; x_wconf 89' lang='lat' dir='ltr'><strong>occidentis</strong></span> 
     </span>
     <span class='ocr_line' id='line_1_29' title="bbox 186 3554 1242 3651; baseline 0.018 -33"><span class='ocrx_word' id='word_1_204' title='bbox 186 3554 365 3635; x_wconf 89' lang='lat' dir='ltr'><strong>imperium,</strong></span> <span class='ocrx_word' id='word_1_205' title='bbox 392 3558 549 3621; x_wconf 88' lang='lat' dir='ltr'><strong>aemulans</strong></span> <span class='ocrx_word' id='word_1_206' title='bbox 571 3559 780 3647; x_wconf 88' lang='lat' dir='ltr'><strong>Alexandrum</strong></span> <span class='ocrx_word' id='word_1_207' title='bbox 803 3566 962 3649; x_wconf 82' lang='lat' dir='ltr'><strong>Magnum,</strong></span> <span class='ocrx_word' id='word_1_208' title='bbox 985 3579 1054 3651; x_wconf 91' lang='lat' dir='ltr'><strong>post</strong></span> <span class='ocrx_word' id='word_1_209' title='bbox 1075 3590 1242 3637; x_wconf 88' lang='lat' dir='ltr'><strong>numerosa</strong></span> 
     </span>
     <span class='ocr_line' id='line_1_30' title="bbox 102 3655 1238 3756; baseline 0.022 -42"><span class='ocrx_word' id='word_1_210' title='bbox 102 3728 105 3731; x_wconf 21' lang='lat'><strong>¹</strong></span> <span class='ocrx_word' id='word_1_211' title='bbox 185 3662 217 3716; x_wconf 88' lang='lat' dir='ltr'><strong>et</strong></span> <span class='ocrx_word' id='word_1_212' title='bbox 238 3655 344 3736; x_wconf 88' lang='lat' dir='ltr'><strong>gravia</strong></span> <span class='ocrx_word' id='word_1_213' title='bbox 365 3656 446 3721; x_wconf 87' lang='lat' dir='ltr'><strong>bella</strong></span> <span class='ocrx_word' id='word_1_214' title='bbox 469 3659 581 3723; x_wconf 88' lang='lat' dir='ltr'><strong>ibidem</strong></span> <span class='ocrx_word' id='word_1_215' title='bbox 604 3670 708 3743; x_wconf 90' lang='lat' dir='ltr'><strong>gesta,</strong></span> <span class='ocrx_word' id='word_1_216' title='bbox 736 3681 753 3724; x_wconf 93' lang='lat' dir='ltr'><strong>a</strong></span> <span class='ocrx_word' id='word_1_217' title='bbox 775 3665 900 3731; x_wconf 90' lang='lat' dir='ltr'><strong>Bruttiis</strong></span> <span class='ocrx_word' id='word_1_218' title='bbox 922 3671 1117 3753; x_wconf 89' lang='lat' dir='ltr'><strong>Lucanisque</strong></span> <span class='ocrx_word' id='word_1_219' title='bbox 1139 3693 1238 3756; x_wconf 89' lang='lat' dir='ltr'><strong>supe-</strong></span> 
     </span>
     <span class='ocr_line' id='line_1_31' title="bbox 109 3761 1236 3845; baseline 0.024 -32"><span class='ocrx_word' id='word_1_220' title='bbox 109 3829 118 3840; x_wconf 38' lang='lat'>.</span> <span class='ocrx_word' id='word_1_221' title='bbox 183 3761 268 3816; x_wconf 85' lang='lat' dir='ltr'><strong>ratus</strong></span> <span class='ocrx_word' id='word_1_222' title='bbox 297 3762 361 3840; x_wconf 85' lang='lat' dir='ltr'><strong>est,</strong></span> <span class='ocrx_word' id='word_1_223' title='bbox 389 3775 564 3839; x_wconf 79' lang='lat' dir='ltr'><strong>corpusque</strong></span> <span class='ocrx_word' id='word_1_224' title='bbox 590 3761 657 3840; x_wconf 79' lang='lat' dir='ltr'><strong>eJus</strong></span> <span class='ocrx_word' id='word_1_225' title='bbox 679 3762 723 3833; x_wconf 59' lang='lat' dir='ltr'><strong>‚ad</strong></span> <span class='ocrx_word' id='word_1_226' title='bbox 744 3766 938 3845; x_wconf 73' lang='lat' dir='ltr'><strong>sepulturam</strong></span> <span class='ocrx_word' id='word_1_227' title='bbox 960 3773 1128 3838; x_wconf 86' lang='lat' dir='ltr'><strong>venditum.</strong></span> <span class='ocrx_word' id='word_1_228' title='bbox 1173 3776 1236 3839; x_wconf 89' lang='lat' dir='ltr'><strong>Zo-</strong></span> 
     </span>
    </p>
   </div>
   <div class='ocr_carea' id='block_1_6' title="bbox 183 3855 1236 4058">
    <p class='ocr_par' dir='ltr' id='par_1_6' title="bbox 183 3855 1236 4058">
     <span class='ocr_line' id='line_1_32' title="bbox 183 3855 1236 3955; baseline 0.027 -43"><span class='ocrx_word' id='word_1_229' title='bbox 183 3855 292 3932; x_wconf 80' lang='lat' dir='ltr'><strong>pyrion</strong></span> <span class='ocrx_word' id='word_1_230' title='bbox 325 3873 400 3918; x_wconf 86' lang='lat' dir='ltr'><strong>vero</strong></span> <span class='ocrx_word' id='word_1_231' title='bbox 433 3857 607 3939; x_wconf 89' lang='lat' dir='ltr'><strong>praelectus</strong></span> <span class='ocrx_word' id='word_1_232' title='bbox 639 3861 744 3940; x_wconf 88' lang='lat' dir='ltr'><strong>Ponti,</strong></span> <span class='ocrx_word' id='word_1_233' title='bbox 781 3866 914 3932; x_wconf 86' lang='lat' dir='ltr'><strong>adunato</strong></span> <span class='ocrx_word' id='word_1_234' title='bbox 949 3874 1074 3955; x_wconf 87' lang='lat' dir='ltr'><strong>triginta</strong></span> <span class='ocrx_word' id='word_1_235' title='bbox 1109 3877 1236 3940; x_wconf 88' lang='lat' dir='ltr'><strong>millium</strong></span> 
     </span>
     <span class='ocr_line' id='line_1_33' title="bbox 185 3953 1236 4058; baseline 0.027 -45"><span class='ocrx_word' id='word_1_236' title='bbox 185 3953 340 4031; x_wconf 69' lang='lat' dir='ltr'><strong>exercitu,</strong></span> <span class='ocrx_word' id='word_1_237' title='bbox 370 3955 491 4037; x_wconf 79' lang='lat' dir='ltr'><strong>Scythis</strong></span> <span class='ocrx_word' id='word_1_238' title='bbox 519 3957 633 4022; x_wconf 88' lang='lat' dir='ltr'><strong>bollum</strong></span> <span class='ocrx_word' id='word_1_239' title='bbox 661 3961 776 4028; x_wconf 87' lang='lat' dir='ltr'><strong>iulerre</strong></span> <span class='ocrx_word' id='word_1_240' title='bbox 805 3986 898 4035; x_wconf 91' lang='lat' dir='ltr'><strong>ausus</strong></span> <span class='ocrx_word' id='word_1_241' title='bbox 926 3981 986 4037; x_wconf 90' lang='lat' dir='ltr'><strong>est:</strong></span> <span class='ocrx_word' id='word_1_242' title='bbox 1017 3983 1049 4037; x_wconf 90' lang='lat' dir='ltr'><strong>et</strong></span> <span class='ocrx_word' id='word_1_243' title='bbox 1075 3978 1236 4058; x_wconf 87' lang='lat' dir='ltr'><strong>usquead</strong></span> 
     </span>
    </p>
   </div>
   <div class='ocr_carea' id='block_1_7' title="bbox 0 0 1322 4434">
    <p class='ocr_par' dir='ltr' id='par_1_7' title="bbox 0 0 1322 4434">
     <span class='ocr_line' id='line_1_34' title="bbox 0 0 1322 4434; baseline 0 5"><span class='ocrx_word' id='word_1_244' title='bbox 0 0 1322 4434; x_wconf 95' lang='lat' dir='ltr'><strong> </strong></span> 
     </span>
    </p>
   </div>
   <div class='ocr_carea' id='block_1_8' title="bbox 1311 0 1321 852">
    <p class='ocr_par' dir='ltr' id='par_1_8' title="bbox 1311 0 1321 852">
     <span class='ocr_line' id='line_1_35' title="bbox 1311 0 1321 852; baseline 0 0"><span class='ocrx_word' id='word_1_245' title='bbox 1311 0 1321 852; x_wconf 95' lang='lat' dir='ltr'><strong> </strong></span> 
     </span>
    </p>
   </div>
  </div>
 </body>
</html>
