2634 4434
687 309 760 379 180

619 411 826 423 -nn———nna

198 564 278 629 quae
299 553 384 625 tunc,
406 551 441 607 ut
462 541 623 626 imperium
638 542 809 607 Romanum
831 544 1066 626 extinguerent,
1088 546 1246 626 conspira-

197 654 315 726 verant,
331 647 427 724 missi,
442 646 615 729 provincias
636 644 696 709 sibi
710 644 857 708 Rhodano
871 643 999 707 flumine
1013 644 1116 709 medio
1132 645 1245 709 divise·

197 754 278 811 runt.
323 747 381 810 Ubi
407 747 478 810 dum
500 748 582 809 inter
603 763 638 808 se
659 745 840 828 gravissima
862 745 977 807 invidia
999 752 1032 807 et
1053 746 1248 809 contentione

199 847 385 928 disceptant,
412 865 480 909 cum
505 864 612 928 magna
635 847 803 927 ignominia
826 853 858 908 et
878 845 1016 926 periculo
1038 846 1168 907 Romani
1190 864 1247 908 no·

200 948 289 1010 minis
312 948 386 1009 victi
412 952 500 1009 sunt:
529 946 683 1026 siquidem
705 948 737 1009 in
760 964 797 1009 aa
819 963 920 1027 pugna
942 945 980 1009 Μ.
1003 946 1150 1009 Aurelius
1172 962 1248 1009 con·

199 1048 308 1111 sularis
341 1054 447 1127 captus
479 1052 572 1127 atque
605 1046 787 1110 interiectus
818 1054 875 1109 cst
929 1046 998 1107 Duo
1030 1045 1086 1109 lilii
1111 1047 1249 1123 ‚consulis

200 1149 298 1224 caesi,
329 1148 484 1228 octoginta
511 1146 606 1209 millia
632 1148 837 1209 Romanorum
866 1147 1084 1227 sociorumque
1110 1166 1148 1210 en
1170 1154 1248 1209 tem-

201 1257 318 1329 pestate
341 1249 499 1325 trucidata,
523 1247 723 1329 quadraginin
746 1248 840 1311 millia
859 1248 1000 1310 calonum
1015 1254 1109 1328 atque
1124 1248 1249 1309 lixarum

201 1348 374 1427 interfecta,
397 1349 504 1410 Antias
525 1347 638 1410 scribit.
676 1348 720 1409 lta
741 1367 782 1410 ex
803 1350 886 1411 omni
900 1349 1023 1429 penitus
1037 1349 1179 1409 exercitu
1194 1349 1249 1410 de·
1310 1403 1311 1434 ,

202 1468 269 1512 cem
285 1448 493 1511 tantummodo
508 1447 658 1524 homines,
682 1449 736 1527 qui
755 1450 899 1511 miserum
920 1449 1061 1510 nuntium
1077 1448 1116 1509 ad
1130 1465 1249 1529 augen—
1310 1459 1311 1532 j

203 1551 256 1611 das
286 1550 423 1611 miserias
452 1554 660 1627 reportarent,
688 1548 878 1630 superfuisse
904 1548 1090 1611 reseruntur.
1135 1548 1250 1624 Hostes,
1310 1535 1311 1556 ¹

202 1650 285 1713 binis
323 1650 430 1712 castris
463 1657 557 1729 atque
589 1650 710 1730 ingenti
742 1651 855 1731 praeda
886 1651 974 1731 potiti
1013 1665 1093 1713 nova
1126 1650 1250 1730 quadam

203 1759 296 1832 atque
319 1750 439 1812 insolita
462 1752 677 1813 exsecratione
699 1758 820 1830 cuncta
843 1768 924 1831 quac
938 1757 1094 1831 ceperant,
1109 1768 1250 1830 pessum-

204 1848 291 1933 [328]
324 1851 483 1913 dederuut.
526 1850 627 1913 Vestis
660 1851 787 1916 discissa
819 1858 853 1913 ct
883 1853 1018 1932 projecta
1051 1857 1115 1927 est,
1149 1870 1252 1913 aurum

203 1958 427 2033 argentumque
458 1952 489 2013 in
517 1950 630 2012 flumen
658 1950 827 2033 abjectum,
860 1952 975 2013 loricae
1006 1953 1143 2013 uirorum
1177 1970 1251 2014 con-

90 2071 95 2076 ·
205 2053 305 2128 cisae,
327 2050 470 2132 phalerae
494 2067 643 2130 equorum
667 2052 869 2131 disperditae,
897 2054 970 2132 equi
997 2052 1056 2132 ipsi
1083 2052 1253 2135 gurgitibus

205 2151 351 2229 immersi,
373 2149 512 2213 homines
532 2150 651 2230 laqueis
668 2152 747 2213 collo
767 2153 871 2215 inditis
887 2170 927 2214 ex
941 2151 1102 2214 arboribus
1116 2154 1254 2234 suspensi

205 2260 288 2330 sunt,
311 2254 352 2314 ita
374 2258 408 2313 ut
430 2252 505 2314 nihil
528 2252 660 2331 praedae
680 2254 790 2329 victor,
813 2253 888 2314 nihil
912 2254 1141 2315 misericordiae
1159 2255 1254 2321 victus

205 2358 397 2434 agnosceret.
430 2350 580 2414 Maximus
602 2360 677 2415 tunc
690 2352 805 2414 Romae
820 2368 883 2413 non
897 2352 996 2414 solum
1012 2354 1113 2415 luctus
1129 2372 1252 2416 verum-

207 2453 298 2516 etiam
321 2458 420 2514 metus
442 2451 516 2531 luit,
539 2471 579 2515 ne
602 2452 764 2516 confestim
793 2453 908 2515 Cimbri
935 2453 1030 2532 Alpes
1057 2454 1254 2534 transgrede-

205 2561 314 2616 rentur
335 2552 514 2633 Italiamque
537 2554 685 2617 delerent.
729 2554 840 2616 lisdem
870 2553 1058 2633 temporibus
1088 2555 1122 2627 Q.
1150 2553 1254 2615 Fabius

185 2653 355 2715 lllaximus
385 2652 479 2714 lilium
508 2672 596 2716 suum
625 2655 852 2717 adolescentem
884 2671 937 2716 rus
969 2654 1157 2737 relegatupr,
1191 2670 1253 2716 cum

208 2753 327 2817 duobus
348 2752 447 2815 servis
461 2754 624 2833 parricidii
647 2754 793 2817 ministris
815 2753 988 2832 interiecit,
1011 2755 1157 2835 ipsosque
1179 2772 1254 2817 con·

207 2855 294 2918 tinuo
326 2870 432 2915 servos
464 2855 497 2915 in
530 2855 661 2933 pretium
694 2853 822 2916 sceleris
856 2856 1037 2919 manumisit.
1093 2856 1152 2917 Die
1181 2856 1255 2917 dicta

208 2955 261 3017 Gn.
283 2951 425 3031 Pompejo
447 2960 611 3015 accusante
634 2953 795 3015 damnatus
817 2960 872 3016 est.
907 2955 1004 3036 lgitur
1018 2956 1146 3018 blarium
1162 2973 1254 3035 quar-

207 3061 271 3116 tum
294 3050 418 3129 consul,
442 3069 511 3114 cum
529 3053 617 3133 juxta
640 3053 741 3117 lsarac
762 3053 964 3135 Rhodanique
986 3056 1125 3134 flumina,
1153 3057 1208 3118 ubi
1228 3057 1255 3117 iu
1308 3135 1309 3138 Ἴ

207 3170 277 3219 sese
299 3151 473 3230 eoulluunt,
496 3160 594 3217 castra
616 3154 784 3235 posuisset,
807 3156 976 3234 Teutones,
1005 3157 1118 3220 Cimbri
1146 3164 1179 3219 et
1204 3157 1255 3218 'li-

207 3254 312 3339 guriui
339 3261 370 3317 et
395 3253 583 3333 Ambrones,
614 3263 775 3339 postquam
796 3257 944 3320 continuo
967 3258 1067 3319 triduo
1090 3258 1172 3319 circa
1193 3257 1255 3318 Ro·

209 3372 365 3418 manorum
394 3361 490 3417 castra
518 3364 709 3436 pugnarunt,
737 3358 763 3418 si
792 3373 853 3436 quo
880 3363 969 3436 pacto
997 3374 1051 3420 eos
1079 3364 1257 3421 excuterent

208 3453 288 3515 vallo
310 3459 402 3534 atque
424 3455 457 3517 iu
479 3472 597 3536 aequor
615 3456 821 3539 effunderent,
844 3456 941 3518 tribus
957 3458 1130 3539 agminibus
1145 3456 1257 3520 ltaliam
1307 3467 1308 3538 q

208 3558 314 3635 petere
336 3553 534 3618 destinarunt.
577 3556 691 3621 Marius
713 3565 781 3639 post
804 3557 974 3639 digressum
997 3558 1141 3636 hostium,
1164 3566 1259 3620 castra

208 3654 303 3716 movit
325 3660 356 3715 et
378 3654 487 3716 collem
511 3659 681 3744 occupavit,
705 3658 759 3737 qui
781 3675 887 3737 campo
909 3666 941 3721 et
961 3659 1066 3738 llario,
1088 3658 1144 3721 ubi
1158 3658 1258 3723 bostcs

208 3771 278 3819 sese
301 3753 501 3832 diffuderant,
532 3755 708 3818 inminebat.
754 3755 893 3837 Cumque
914 3761 1065 3823 exercitui
1087 3760 1156 3841 ejus
1183 3779 1258 3841 aqua

210 3851 299 3928 [329]
322 3854 360 3916 ad
382 3854 548 3933 potandum
570 3854 704 3934 deesset,
727 3856 925 3938 querelisque
948 3862 1083 3923 omnium
1104 3877 1257 3943 coargue-

208 3958 304 4032 retur,
326 3971 435 4032 aquam
459 3954 582 4035 quidem
604 3956 636 4017 in
660 3964 828 4038 conspectu
847 3975 916 4024 esse
931 3960 1098 4042 respondit,
1122 3961 1258 4026 sedeam
