2634 4434
485 308 489 317 ’
555 341 622 410 rm

483 443 692 454 ———-

63 573 201 655 quinque
223 572 318 638 millia
340 574 470 638 militum
491 575 634 656 perdidit
670 575 820 656 lteparata
841 591 954 658 pugna,
977 579 1115 660 quinque

62 674 155 738 millia
176 675 311 738 hostium
331 676 453 738 occidit.
499 675 560 740 Sed
589 694 659 739 cum
681 678 771 758 juxta
799 676 917 758 legem,
946 695 1007 758 qua
1033 696 1115 740 con·-

61 776 200 838 stitutum
223 782 304 852 erat,
327 783 378 854 ut,
403 777 545 856 quisquis
570 778 710 857 quinque
737 775 831 840 millia
859 775 991 840 hostium
1018 792 1115 858 pere-

60 876 178 952 misset,
199 877 406 957 triumphandi
421 877 549 939 haberet
562 884 756 958 potestatem,
779 878 838 940 ieta
861 881 986 959 quoquo
1001 878 1116 940 trium-

59 975 153 1053 phum
181 978 365 1058 expetisset,
394 985 518 1059 propter
544 979 703 1058 superiora
731 995 807 1041 vero
834 979 943 1041 damna
970 995 1033 1040 non
1060 979 1116 1040 in-

58 1077 261 1155 paravisset,
289 1077 396 1142 iulami
422 1079 611 1159 impudentia
637 1085 732 1159 atque
755 1077 922 1142 ambitione
943 1094 1019 1142 usus
1045 1079 1116 1160 pri-

58 1174 138 1239 vatis
159 1178 312 1241 sumtibus
334 1177 540 1259 triumphavit.
584 1179 615 1242 h.
644 1179 780 1242 Caecilio
808 1177 934 1242 Metello
964 1181 1001 1252 Q.
1022 1178 1116 1242 Fabio

57 1274 192 1342 Maxim
221 1279 396 1342 Serviliana
421 1279 600 1344 consulibus
630 1281 713 1342 inter
740 1289 861 1343 caetera
888 1279 1028 1362 prodigia
1054 1297 1117 1342 an-

58 1376 219 1460 drogynus
239 1379 354 1442 Romae
375 1382 477 1461 visus,
505 1383 592 1464 jussu
620 1381 795 1462 aruspicum
822 1381 854 1442 in
882 1397 966 1442 mare
996 1395 1116 1442 mersus

57 1485 121 1542 cst:
153 1480 209 1541 sed
232 1480 308 1541 nihil
329 1482 440 1561 impiae
462 1484 647 1565 expiationis
669 1481 843 1563 procuratio
865 1481 1005 1563 profecit.
1038 1479 1115 1544 liam

56 1584 144 1641 tanta
177 1578 280 1640 subito
311 1581 486 1658 pestilentia
519 1589 626 1644 exorta
658 1589 721 1658 est,
758 1588 792 1643 ut
828 1583 957 1644 ministri
990 1597 1116 1662 quoque

56 1676 274 1740 faciendorum
296 1677 440 1742 funerum
463 1683 592 1762 primum
614 1698 677 1742 uon
699 1679 893 1758 sufficerent,
919 1681 1032 1743 deinde
1054 1695 1120 1774 nou¹

58 1784 175 1842 essent.
218 1776 327 1859 ltaque
349 1781 440 1842 etiam
463 1799 593 1863 magnae
615 1781 723 1843 domus
745 1795 863 1842 vacuae
883 1781 979 1858 vivis,
1007 1779 1118 1860 plenae

58 1879 191 1942 mortuis
227 1889 459 1961 remanserunt,
496 1882 686 1964 largissimae
724 1882 889 1943 introrsum
929 1879 1118 1942 hereditates

59 1987 90 2040 et
111 1979 193 2041 nulli
214 1983 337 2061 penitus
358 1982 498 2046 heredes.
534 1982 678 2063 Denique
695 1983 759 2064 jem
781 1997 843 2042 non
865 1981 965 2043 solum
987 1981 1019 2042 in
1034 1979 1117 2042 Urbe

59 2080 204 2160 vivendi,
237 2082 291 2144 sed
325 2083 416 2144 etiam
449 2082 714 2164 adpropinquandi
741 2082 780 2144 ad
807 2079 918 2144 Urbem
945 2081 1118 2164 negabatur

60 2179 208 2260 lacuitaS,
241 2189 302 2246 tam
335 2182 421 2244 saevi
453 2201 508 2264 per
540 2190 633 2245 totam
667 2173 776 2245 urbem
809 2181 1030 2244 tabescentium
1058 2179 1116 2242 sub

60 2283 153 2344 tectis
180 2290 274 2364 atque
296 2285 329 2345 in
355 2283 457 2346 stratis
484 2285 549 2346 suis
571 2284 753 2347 cadaverum
776 2289 901 2363 putores
924 2279 1115 2345 exhalaban-

60 2389 117 2446 tur.
171 2381 312 2464 llxpiatic
348 2384 400 2447 illa
433 2384 568 2447 crudelis
600 2390 632 2445 et
665 2383 744 2445 viam
777 2382 926 2444 mortibus
958 2382 1118 2444 hominum

60 2490 163 2546 morte
190 2483 321 2546 hominis
349 2485 521 2562 instruens,
549 2482 671 2544 tandem
700 2481 843 2542 Romanis
871 2483 952 2544 inter
978 2481 1117 2542 miserias

58 2602 129 2648 suas
160 2585 431 2666 erubescentibus,
460 2602 550 2667 quam
578 2582 693 2644 misera
724 2589 755 2645 et
788 2599 865 2643 vana
898 2588 992 2659 esset,
1026 2575 1117 2656 [294]

59 2687 204 2748 innotuit.
248 2687 330 2750 Ante
363 2687 445 2749 enim
477 2687 509 2746 in
538 2683 717 2766 suffragium
748 2682 993 2764 praeveniendae
1022 2681 1117 2744 cladis

61 2793 109 2850 est
137 2786 242 2850 habita
271 2795 303 2849 et
330 2787 375 2850 sic
403 2785 578 2868 pestilentia
605 2791 771 2846 consecuta
805 2791 867 2846 est:
903 2801 983 2864 quae
1016 2788 1118 2844 tamen

61 2889 130 2951 sine
159 2888 230 2950 ullis
262 2887 481 2952 sacrificiorum
514 2884 789 2962 satisfactionibus,
823 2881 1031 2946 tantvuumodo
1060 2899 1117 2947 se-

62 2989 199 3051 cundum
222 3006 395 3052 mensuram
418 2989 521 3050 arcani
539 2985 650 3069 judicii
673 2986 795 3066 expleta
823 2985 1034 3066 correptione,
1061 3001 1117 3046 se-

63 3091 133 3153 data
157 3097 212 3154 est.
260 3092 357 3164 Quam
380 3089 406 3150 si
428 3087 561 3150 artifices
583 3085 628 3147 illi
650 3085 946 3147 circumventionum
963 3085 1119 3164 aruspices

64 3191 121 3254 sub
143 3192 208 3272 ipsa
231 3188 277 3272 (ut
303 3188 454 3270 adsolent)
483 3187 690 3250 declinatione
719 3183 894 3246 morborum
921 3183 1002 3246 iortc
1029 3185 1118 3246 cele-

64 3288 221 3373 brassent,
244 3291 351 3372 procul
373 3289 467 3354 dubio
494 3287 570 3366 sihi,
598 3287 657 3350 diis
684 3291 716 3346 ot
742 3283 853 3346 ritibus
880 3285 945 3346 suis
974 3285 1120 3348 reductae

65 3393 206 3458 sanitatis
232 3393 360 3474 giarium
388 3389 606 3454 vindicassent
648 3385 692 3448 ltu
715 3385 826 3446 misera
848 3391 879 3446 et
900 3374 943 3448 ad'
960 3385 1122 3468 sacrilegia

68 3494 146 3558 male
174 3493 320 3574 religiosa
349 3493 458 3556 civitas
486 3489 669 3566 mendaciis,
695 3485 807 3567 quibus
829 3483 954 3548 biberari
976 3505 1037 3549 non
1059 3505 1121 3568 po·

68 3602 159 3673 terat,
184 3595 356 3657 ludebatur.
396 3591 498 3674 igitur
519 3589 628 3652 Fabius
650 3586 759 3650 consul
780 3594 886 3650 contra
908 3587 1068 3649 Lusitanos
1091 3591 1123 3648 et

69 3694 240 3757 Viriathum
263 3695 411 3757 dimicans
433 3694 573 3755 Raecium
594 3690 756 3771 oppidum,
783 3689 864 3769 quod
885 3687 1037 3748 Viriathus
1059 3683 1121 3744 ch·-

71 3795 208 3874 sidebat,
237 3796 372 3876 depulsis
394 3794 534 3857 hostibus
561 3792 703 3854 liberavit
731 3796 762 3850 et
789 3789 822 3850 iu
844 3785 1030 3849 deditionem
1053 3793 1123 3844 cum

72 3895 210 3974 plurimis
231 3897 301 3958 aliis
323 3895 458 3958 castellis
477 3893 604 3972 recepit.
648 3890 733 3952 Fecit
754 3886 873 3949 facinus
895 3884 986 3946 etiam
1008 3881 1123 3946 ultimis

72 3994 209 4060 barbaris
237 3996 396 4078 Scythiae,
429 4012 493 4058 non
524 3993 622 4055 dicam
656 3989 810 4052 humanae
843 3983 915 4046 fidei
948 3989 980 4044 et
1009 3983 1122 4046 modo»
