2634 4434
692 367 767 438 aad
810 456 812 460 ι

624 465 831 478 Μ

202 614 316 694 corripi
333 614 449 698 justu·
471 616 546 674 erat.
590 607 760 673 Solvuntur
786 612 915 687 repente
942 605 1082 686 undique
1110 605 1258 686 permissu

203 717 262 780 Del
288 714 327 777 ad
354 713 414 776 hoo
439 711 675 791 circumpositae
703 708 895 788 relictaeque
926 714 1053 790 gentes,
1089 705 1260 786 laxatisque
1314 752 1315 786 ,

203 815 332 890 halem
361 816 393 878 in
419 829 527 876 omnes
546 810 753 873 Rornanorum
775 809 853 870 lines
874 807 1072 870 invehuntur.
1119 804 1261 868 Germani
1314 795 1315 806 .

204 915 352 997 Alpibus,
373 913 481 976 libella
504 919 629 992 lotaque
652 910 738 972 ltalia
759 915 934 990 penetrata,
956 908 1136 970 Ravennam
1167 921 1263 988 nsque

205 1017 398 1100 perueniant
445 1013 609 1076 Alamanni
624 1010 738 1074 Gallias
758 1015 963 1092 pervagantes
985 1009 1076 1071 etiam
1101 1010 1133 1070 in
1151 1008 1264 1070 ltaliam

206 1124 374 1183 transeunt.
422 1113 567 1192 Graecia,
599 1112 794 1190 Macedonia,
827 1111 956 1188 Pontus,
990 1111 1063 1172 lisia
1095 1109 1265 1172 Gothorum
1315 1118 1316 1142 ³

207 1217 410 1282 inundatione
432 1215 581 1278 delentur.
617 1213 693 1275 Nara
715 1213 809 1274 Daeia
831 1219 915 1274 trans
936 1210 1111 1273 Danubium
1135 1212 1170 1272 in
1192 1224 1267 1290 per-

208 1313 335 1401 petuum
363 1315 510 1380 aufertur.
554 1315 655 1389 Quadi
682 1321 714 1376 et
741 1313 896 1376 Sarmatae
925 1313 1096 1374 Pannonias
1124 1311 1266 1392 depopu-

208 1419 319 1482 lantur.
352 1416 496 1481 Germani
511 1416 675 1479 ulteriores
689 1414 796 1476 abrasa
812 1415 970 1494 potiuntur
980 1407 1135 1493 Hispania.
1163 1411 1268 1497 Parthi

209 1518 458 1598 Mesopotamiam
478 1516 625 1580 auserunt
648 1516 830 1598 Syriamque
848 1515 1022 1578 corrodunt.
1060 1513 1194 1576 Exstant
1211 1514 1267 1575 ad-

209 1619 272 1682 lanc
303 1636 359 1699 per
390 1617 528 1682 diversas
554 1618 728 1698 provincias
755 1618 787 1678 in
816 1631 992 1699 magnarum
1021 1615 1144 1678 urbium
1174 1616 1269 1676 ruinis

211 1737 323 1802 paruae
351 1725 384 1782 et
410 1736 562 1799 pauperes
587 1720 694 1796 sedes,
720 1719 807 1801 signa
835 1719 1023 1781 miseriarum
1052 1724 1084 1778 et
1112 1718 1268 1778 nominum

212 1822 326 1886 indicia
346 1825 524 1882 seruantes:
548 1819 723 1898 exquibus
745 1836 801 1881 nos
822 1833 949 1900 qnoque
971 1821 1003 1880 in
1025 1817 1172 1899 Hispania
1191 1817 1269 1878 'lar-

214 1919 305 1997 [aas]
328 1937 472 1984 raconem
494 1926 629 1982 nostram
648 1921 689 1982 ad
711 1919 951 1982 consolationem
975 1920 1117 1981 miseriae
1135 1921 1271 1980 recentis

214 2022 412 2085 ostendimus.
455 2019 496 2082 Et
523 2038 565 2080 ne
593 2021 667 2100 quid
700 2020 781 2082 forta
812 2020 940 2082 Romani
974 2017 1111 2101 corporis
1144 2019 1184 2081 ab
1216 2019 1273 2080 hae

215 2121 435 2186 dilaceratione
457 2126 601 2196 cessaret,
624 2121 801 2200 conspirant
822 2119 1008 2184 intrinseous
1031 2120 1165 2202 tyranni,
1192 2137 1272 2182 eon·

215 2230 347 2304 surgunt
380 2221 459 2284 bella
493 2221 612 2299 oivilia,
645 2219 784 2283 funditur
816 2221 933 2303 ubique
965 2222 1115 2304 plurimus
1147 2223 1274 2304 sanguis

216 2324 438 2400 Romanorum,
465 2323 609 2385 Romanis
635 2322 836 2402 barbarisque
863 2324 1088 2398 saevientibus3
1123 2323 1179 2385 sed
1214 2323 1274 2383 cito

218 2426 263 2488 ira
285 2425 344 2488 Dei
364 2425 398 2486 in
420 2425 658 2488 misericordiam
681 2425 822 2501 vertitur,
844 2432 877 2486 et
894 2430 1022 2505 coeptae
1036 2425 1163 2486 allionis
1181 2426 1276 2506 major

218 2525 315 2588 forma
344 2543 436 2607 quam
468 2541 567 2605 poena
599 2527 632 2588 in
666 2543 839 2588 mensuram
873 2525 1072 2606 plenitudinis
1104 2531 1274 2605 reputatur.

218 2626 317 2708 igitur
345 2629 462 2707 primus
490 2626 664 2709 Ingenuus,
692 2627 745 2706 qui
774 2643 937 2707 purpuram
961 2626 1087 2707 -lmperii
1114 2631 1276 2701 sumserat,

219 2727 299 2809 apud
322 2726 453 2808 llyrsnm
476 2728 636 2792 occiditur.
677 2728 837 2790 Postumus
860 2729 890 2790 in
915 2725 1010 2790 Gallia
1032 2728 1145 2789 inuasit
1166 2733 1277 2808 tyran-

221 2828 340 2907 nidem,
378 2828 473 2892 multo
507 2829 630 2909 quidem
662 2829 853 2910 reipublicae
886 2828 1053 2890 commodo.
1110 2826 1186 2889 Nam
1224 2843 1279 2906 per

221 2930 329 2997 deoem
350 2946 448 2992 annos
470 2931 590 3010 ingenti
611 2931 726 2992 uirtute
747 2947 785 2990 ao
807 2930 1015 2991 moderatione
1038 2943 1128 3006 usus,
1157 2935 1191 2989 el
1218 2927 1277 2988 do-

222 3032 374 3094 minantes
396 3029 499 3092 hostes
522 3027 651 3109 expulit,
673 3035 706 3092 et
726 3028 860 3109 perditas
882 3031 1054 3110 provincias
1073 3031 1105 3091 in
1121 3029 1279 3109 pristinam

223 3128 343 3196 laniem·
356 3128 545 3215 reformarit,
566 3130 720 3194 seditione
743 3137 845 3193 nmen
868 3130 996 3192 militum
1020 3128 1203 3192 interiectus
1226 3135 1279 3191 est.

223 3231 415 3298 Aemilianus
436 3232 517 3312 apud
538 3230 781 3314 linguntimum,
810 3249 879 3294 cum
908 3249 960 3294 res
986 3247 1081 3294 novas
1109 3229 1280 3304 moliretur,

224 3350 389 3414 oppressus
409 3340 467 3398 eat
503 3332 574 3396 Post
596 3339 724 3396 mortem
746 3333 880 3396 Postumi
896 3333 1009 3395 llarlus
1032 3333 1146 3395 ibidem
1169 3331 1282 3393 inuasit

224 3433 405 3514 Imperium,
428 3434 484 3498 sed
505 3435 653 3496 continuo
675 3432 857 3496 interiectus
880 3441 934 3498 est.
969 3433 1090 3496 Deinde
1105 3433 1282 3496 Victorinus

224 3555 243 3599 a
266 3534 360 3598 Gallis
381 3534 462 3595 ultro
484 3541 605 3598 oreatus
628 3541 750 3614 etpost
772 3534 927 3614 paululum
956 3536 1077 3598 occisus
1105 3541 1159 3597 est
1204 3533 1282 3594 lluio

226 3637 376 3701 suecessit
402 3634 556 3711 Petrinus,
590 3637 645 3714 qui
678 3642 751 3698 tuno
784 3619 969 3716 Aquitaniae
1002 3635 1193 3715 praesidatus
1222 3633 1280 3696 ad-

227 3734 418 3800 ministrabat
439 3733 591 3811 oflieium,
614 3735 785 3814 multasque
808 3737 975 3798 seditiones
998 3735 1127 3798 militum
1149 3734 1282 3816 pertulit.

228 3836 270 3898 At
283 3853 359 3896 uero
378 3837 411 3897 in
427 3834 555 3897 Oriente
570 3852 625 3914 per
639 3833 811 3895 Odenatum
834 3835 995 3915 quemdam
1018 3835 1148 3898 collecta
1170 3836 1283 3916 agresti

229 3951 322 3994 manu
344 3935 418 3997 uicti
438 3927 617 4014 repulsique
638 3933 764 4012 Persae,
790 3933 917 3997 defensa
940 3936 1045 4016 Syria,
1067 3943 1192 4017 recepta
1215 3933 1282 3997 lile-

230 4034 397 4109 sopotamia
419 4039 482 4109 est,
512 4040 544 4096 et
570 4033 730 4112 usquead
755 4018 983 4115 Ctesiphontem
1005 4038 1155 4101 rusticani
1178 4035 1285 4118 Syriae
