2634 4434
577 303 622 371 41

428 556 626 694 taput
683 555 770 664 tu.

76 773 195 844 Simile
206 797 319 863 poene
333 779 475 859 initium,
492 779 641 845 confido
657 782 694 844 et
705 780 822 844 statua
835 776 932 862 regni
946 774 1126 861 Babylonii

230 901 234 906 ·
281 884 314 946 et
335 877 496 966 nonant,
523 881 588 946 aed
607 881 726 946 eattae
747 881 918 946 diversus.

157 1047 308 1130 Regnavit
329 1049 427 1113 Ninus
449 1050 537 1112 amris
560 1051 783 1131 quinquaginta
804 1048 934 1112 dnobus.
968 1046 1026 1109 Cui
1047 1063 1125 1109 suo·

73 1149 166 1210 cessit
188 1146 234 1228 (ut
256 1148 331 1230 dixi)
359 1166 438 1211 uxor
465 1167 521 1212 sua
555 1149 747 1212 Semiramis:
781 1167 862 1230 quae
894 1165 964 1210 enm
996 1155 1029 1210 et
1060 1150 1127 1227 ipsa

72 1248 274 1330 quadraginta
297 1254 329 1310 et
349 1248 469 1311 duobus
492 1250 580 1310 annis
608 1257 770 1330 regnaret,
800 1249 901 1311 madio
928 1249 1050 1328 imperii
1077 1248 1126 1308 sui

71 1355 211 1428 tempore
236 1348 441 1430 Babylonem,
474 1357 566 1430 eaput
593 1351 700 1432 regni,
730 1350 890 1412 condidit..
918 1348 962 1410 lta
989 1347 1126 1428 Babylon

70 1455 138 1526 past
162 1465 261 1520 annos
284 1449 367 1510 milla
390 1456 513 1512 eentum
528 1450 688 1531 sexaginta
704 1457 736 1512 et
749 1449 967 1532 propemodum
983 1455 1126 1529 quatuor,

69 1563 165 1626 quam
180 1549 304 1608 condita
319 1557 395 1626 erat,
417 1567 434 1611 a
449 1547 557 1627 Medis,
581 1557 612 1610 et
625 1549 665 1611 ab
680 1550 806 1629 Arbato,
822 1568 898 1632 rege
913 1567 1031 1630 eorum,
1054 1544 1124 1622 [tto]

68 1645 231 1725 praesecto
253 1653 357 1708 autem
381 1664 454 1724 suo,
476 1648 602 1727 spoliata
625 1649 735 1727 opibus
755 1658 789 1711 et
808 1666 922 1730 regno,
944 1656 1037 1727 atque
1059 1649 1127 1727 ipso
1205 1653 1210 1664 '

69 1763 145 1827 rege
169 1749 288 1825 privata
308 1753 373 1808 est:
397 1747 462 1828 ipsa
484 1753 586 1809 tamen
609 1755 714 1827 postea
737 1748 924 1828 aliquamdiu
946 1748 1056 1808 mansit
1070 1747 1125 1808 in-

70 1845 208 1908 oolumis.
250 1845 402 1910 Similiter
424 1854 455 1908 et
475 1845 570 1910 Roma
592 1855 661 1928 post
682 1865 779 1909 annos
808 1847 952 1924 totidem,
980 1846 1039 1908 boo
1067 1854 1124 1925 est,

69 1945 155 2008 mille
178 1952 302 2008 eentum
324 1949 484 2029 sexaginta
507 1954 538 2010 et
553 1946 619 2010 iere
635 1955 776 2028 quatuor,
799 1965 817 2010 a
833 1946 940 2009 Gothis
953 1954 986 2010 et
1000 1947 1125 2010 Alarico

69 2063 145 2126 rege
170 2062 288 2123 eorum,
311 2047 422 2109 comite
444 2054 547 2110 autem
569 2065 637 2128 suo,
664 2050 779 2130 irrupta
802 2054 834 2110 et
855 2048 964 2128 opibus
985 2049 1124 2128 spoliata,

71 2163 131 2207 non
155 2163 270 2228 regno,
293 2153 395 2208 manet
422 2147 537 2226 adhue,
567 2155 598 2210 et
629 2155 740 2242 regnat
771 2148 949 2210 incolumis:
985 2149 1125 2228 quamvis

70 2245 102 2307 in
123 2252 244 2308 tontum
271 2248 391 2309 areanis
418 2249 539 2310 statutis
567 2249 649 2310 inter
677 2255 839 2328 utramque
865 2247 973 2309 urbem
1002 2263 1124 2309 eonve-

71 2345 208 2408 nientiae
231 2347 323 2408 totius
346 2347 420 2409 ordo
442 2355 583 2410 servatus
605 2349 661 2426 sit,
687 2355 775 2410 utet
797 2348 840 2409 ibi
862 2345 1036 2427 praelectus
1055 2349 1125 2428 ejus

70 2445 205 2508 Arbatus
227 2463 358 2528 regnum
381 2447 543 2528 invaserit,
571 2454 602 2508 et
623 2448 674 2508 hie
695 2445 870 2526 praelectus
891 2446 982 2525 hujus
1004 2447 1125 2507 Attalus

72 2562 203 2626 regnare
215 2547 394 2607 tentaverit:
412 2547 532 2607 tametsi
547 2545 627 2626 apud
641 2545 721 2606 hano
732 2545 827 2607 solam
839 2544 949 2605 merito
962 2542 1125 2606 Christiani

72 2645 263 2725 imperatoris
285 2645 443 2707 attentatio
466 2643 592 2725 prolana
614 2651 742 2707 vacuata
764 2644 818 2707 sit:
855 2643 964 2725 ltaque
986 2643 1062 2706 haec
1084 2643 1124 2706 ob

72 2743 129 2806 lroe
163 2746 328 2825 praecipue
360 2743 625 2807 commemoranda
657 2744 794 2823 credidi,
830 2753 865 2807 ut
894 2753 980 2807 tanto
1012 2762 1126 2807 arcano

71 2843 274 2906 ineffabilium
293 2844 478 2924 judiciorum
500 2846 559 2907 Dei
581 2863 621 2906 ex
642 2853 729 2924 parte
755 2843 923 2926 patefacto,
940 2843 1125 2924 *intelligant

71 2942 118 3022 hi,
151 2945 205 3024 qui
227 2946 409 3026 insipienter
430 2947 537 3025 utique
560 2945 598 3008 de
621 2945 811 3026 temporibus
833 2945 1012 3008 Christianis
1034 2960 1124 3005 mur·

72 3051 210 3123 manant,
238 3064 334 3108 unum
361 3046 460 3108 Deum
483 3047 670 3126 disposuisse
691 3054 844 3126 tempora,
867 3054 899 3108 et
920 3049 952 3110 in
974 3046 1125 3127 principio

71 3142 258 3226 Babyloniis,
281 3153 314 3208 et
331 3146 364 3209 iu
378 3145 440 3208 dno
454 3145 597 3208 Romanis
603 3164 612 3221 3
636 3145 718 3207 illius
733 3146 917 3209 eleuteutiae
938 3164 1018 3222 esse,
1041 3144 1124 3225 quod

71 3245 220 3308 vivimus:
238 3246 321 3327 quod
332 3253 434 3308 autem
446 3247 557 3309 misere
568 3247 711 3323 vivimus,
724 3246 978 3325 intemperantiae
989 3252 1123 3306 nostrae.

70 3342 152 3407 Eeoe
174 3346 283 3408 similis
304 3345 469 3426 Babylonis
496 3352 582 3407 ortus
610 3351 641 3406 ot
670 3343 803 3423 Romae,
835 3345 944 3408 similis
975 3345 1124 3426 potentia,

71 3444 180 3508 similis
201 3447 396 3527 magnitudo,
422 3445 534 3508 similia
559 3451 713 3524 tempora,
741 3445 853 3509 sinilia
885 3446 980 3526 bona,
1013 3447 1124 3509 similia

71 3544 166 3622 maln3
201 3553 302 3608 tamen
332 3563 393 3607 non
420 3544 528 3607 similis
556 3546 674 3624 exitus,
703 3546 852 3610 similisve
877 3547 1026 3611 delectus.
1069 3547 1124 3608 llla

73 3646 155 3707 enim
178 3663 310 3726 regumn
331 3647 448 3724 amisit,
471 3645 548 3708 haee
569 3647 698 3723 retinet3
727 3648 779 3710 illa
801 3647 1019 3711 interleetione
1039 3648 1125 3726 regis

73 3745 189 3824 orbata,
212 3746 288 3808 haee
304 3746 449 3810 incolumi
465 3746 648 3827 imperatore
664 3764 773 3810 seoura
788 3755 843 3812 est.
879 3748 917 3810 Et
931 3748 990 3809 boo
1005 3745 1124 3826 quare?

75 3844 226 3917 Quoniam
249 3846 293 3908 ibi
315 3848 348 3909 in
368 3864 444 3929 rege
465 3846 626 3909 libidinum
650 3848 805 3927 turpitudo
827 3849 943 3929 punita,
965 3846 1015 3909 bio
1031 3845 1124 3910 cmi-

74 3945 191 4012 stianae
211 3945 372 4030 religionis
394 3947 657 4012 continentissima
679 3950 818 4028 aequitas
840 3949 872 4010 in
899 3964 976 4029 rege
1003 3953 1125 4012 servata
