2634 4434
687 291 759 360 138

168 505 176 514 ’
194 530 315 594 nobiles
335 528 395 590 viri
417 527 559 605 trecenti,
574 525 763 606 pedestrium
779 523 908 589 militum
925 526 1127 608 quadraginta
1144 526 1252 605 millia,

194 630 333 710 equitum
366 629 424 692 tria
456 626 550 689 millia
577 625 748 706 quingenti.
768 673 771 678 .
791 622 887 688 Varro
916 625 1024 690 consul
1053 645 1122 689 cunr
1151 628 1250 707 quin-

194 731 340 811 quaginta
362 728 518 809 equitibus
540 725 705 789 Venusiam
728 723 816 806 fugit.
860 724 926 788 Nec
947 725 1074 790 dubium
1100 732 1164 804 est,
1195 727 1250 787 ul-

192 829 300 892 timum
321 829 407 891 illum
429 827 511 890 diem
532 826 661 889 Romani
682 832 778 888 status
800 823 937 888 futurum
959 823 1066 904 fuisse,
1093 827 1120 888 si
1141 824 1251 889 Anni-

193 927 243 990 bal
272 946 345 992 mox
371 933 441 1009 post
468 926 625 990 victoriam
652 925 692 990 ad
718 926 944 1006 pervadendam
971 925 1084 992 Urbem
1112 933 1251 990 conten·

193 1027 297 1091 dlssct.
332 1027 467 1092 Annibal
492 1027 525 1090 in
547 1026 755 1089 testimonium
778 1027 926 1090 victoriae
947 1044 1022 1090 suae
1045 1033 1107 1090 tres
1129 1027 1252 1090 modios

193 1128 376 1192 annulorum
398 1143 563 1190 aureorum
586 1124 801 1208 Carthaginem
824 1128 922 1213 misit,
945 1143 1022 1207 quos
1045 1127 1252 1192 enmanibus

192 1226 425 1292 interfectorum
441 1229 580 1308 equitum
591 1226 795 1288 Romanorum
811 1233 1050 1308 senatorumque
1066 1227 1251 1292 detraxerat.

193 1327 297 1409 Usque
319 1328 397 1390 adeo
418 1334 521 1389 autem
542 1326 649 1388 ultima
668 1326 840 1406 desperatio
854 1325 1053 1408 Reipublicae
1068 1328 1148 1408 apud
1162 1328 1250 1390 resi·

192 1429 271 1490 duos
284 1426 437 1488 Romanos
458 1425 527 1504 luit,
548 1432 583 1487 ut
597 1432 757 1508 senatores
772 1426 811 1490 de
826 1426 1029 1508 relinquenda
1044 1426 1142 1506 ltalia,
1158 1428 1250 1505 sedi-

193 1523 286 1601 [257]
303 1604 305 1608 v
321 1514 443 1606 busque
478 1525 664 1606 quaerendis
700 1526 862 1590 consilium
899 1527 1067 1590 ineundum
1103 1529 1254 1608 putarint.

194 1628 284 1703 Quod
310 1633 437 1690 auctore
464 1625 600 1689 Caecilio
628 1625 752 1690 lletello
785 1627 1004 1690 confirmatum.
1028 1627 1154 1709 luisset,
1189 1628 1253 1692 nisi

148 1777 153 1786 .
193 1727 355 1790 Cornelius
378 1727 491 1807 Scipio,
517 1727 659 1791 tribunus
687 1734 760 1790 tunc
788 1729 934 1806 militum,
962 1728 1043 1793 idem
1066 1729 1119 1809 qui
1142 1735 1253 1809 postea

192 1827 367 1904 Africanus,
390 1827 529 1889 districto
544 1827 647 1908 gladio
663 1828 865 1890 deterruisset
885 1846 922 1890 ac
943 1828 1045 1909 potius
1060 1845 1115 1908 pro
1130 1829 1252 1909 patriae

193 1926 375 1990 defensione
397 1927 428 1989 in
450 1944 506 1990 sua
527 1927 621 1990 verba
639 1926 745 2006 jurare
768 1928 930 2010 coegisset.
967 1928 1095 1992 Romani
1109 1928 1147 1992 ad
1161 1943 1253 2010 spem

192 2029 275 2111 vitae
289 2028 392 2108 quasi
412 2026 451 2089 ab
473 2025 582 2089 inseris
608 2027 760 2106 respirare
788 2019 855 2090 ausi
883 2028 1064 2094 dictatorern
1086 2029 1253 2093 Decimum

191 2125 316 2189 lonium
329 2133 447 2190 creant:
464 2127 518 2205 qui
533 2124 657 2186 delectu
671 2124 775 2188 habito
790 2126 828 2190 ab
844 2127 932 2190 annis
947 2128 1055 2192 decem
1071 2136 1103 2192 et
1117 2136 1252 2209 septem,

192 2230 372 2290 immaturae
394 2225 649 2305 inordinataeque
672 2225 799 2289 militiae
821 2236 954 2306 quatuor
975 2229 1116 2311 legiones
1139 2229 1249 2291 unde-

192 2344 316 2405 cunque
338 2325 500 2387 contraxit.
543 2324 629 2386 Tunc
656 2325 747 2387 otiam
775 2342 881 2390 servos
908 2329 1036 2408 spectati
1064 2329 1187 2391 roboris
1213 2347 1252 2390 ac

192 2425 357 2488 voluntatis
379 2425 429 2487 vel
452 2424 571 2489 oblatos
592 2425 660 2503 vel,
683 2426 709 2488 si
731 2426 773 2489 ita
795 2443 871 2508 opus
893 2426 967 2505 luit,
997 2426 1121 2507 publico
1150 2429 1252 2508 pretio

192 2535 290 2589 emtos
312 2525 369 2588 sub
386 2525 473 2588 titulo
489 2525 639 2589 libertatis
653 2534 844 2592 sacramento
860 2527 986 2590 militiae
1001 2526 1114 2608 adegit.
1143 2527 1251 2606 Arma,

192 2643 273 2706 quae
295 2625 427 2688 deerant
444 2627 566 2706 templis
588 2627 804 2704 detraxerunt,
832 2628 937 2708 egenti
964 2627 1083 2690 aerario
1111 2627 1251 2708 privatae

193 2741 267 2805 opes
288 2723 412 2788 refusae
439 2731 520 2788 sunt
564 2725 609 2789 lta
635 2731 781 2804 equester
809 2725 902 2804 ordo,
935 2727 976 2789 ita
1010 2725 1097 2808 plebs
1130 2730 1252 2810 trepida

192 2825 288 2888 oblita
320 2826 490 2888 studiorum
523 2827 556 2886 in
585 2842 747 2887 commune
775 2825 939 2888 consuluit.
983 2826 1093 2890 lunius
1121 2845 1251 2910 quoque

193 2925 334 3003 dictator,
357 2927 516 3007 antiquum
538 2925 693 2988 Romanae
716 2925 858 2988 miseriae
881 2925 994 2990 factum
1017 2928 1169 3006 recolens,
1194 2947 1250 3010 pro

192 3025 406 3105 supplemento
421 3025 589 3105 exercitus,
608 3025 711 3088 edicto
725 3025 812 3089 velut
827 3027 912 3109 asylo
929 3027 1090 3108 patefacto,
1106 3028 1250 3093 homines

193 3126 374 3206 quicunque
395 3125 565 3188 sceleribus
587 3145 623 3189 ac
645 3126 757 3188 dabitis
780 3127 906 3190 obnoxii
929 3137 1048 3207 essent,
1075 3130 1251 3209 inpunitate

69 3215 74 3221 ’
160 3216 162 3221 ’
193 3227 341 3307 promissa
357 3226 483 3289 militiae
503 3227 698 3308 mancipavit,
722 3244 852 3308 quorum
868 3246 1014 3292 numerus
1029 3229 1068 3291 ad
1082 3245 1139 3291 sex
1155 3230 1251 3294 millia

192 3327 329 3389 virorum
356 3325 424 3391 luit.
470 3327 632 3408 campania
658 3345 734 3392 vero
762 3328 813 3390 vel
840 3329 941 3409 potius
969 3329 1068 3392 omnis
1094 3328 1183 3394 ltalia
1211 3331 1251 3393 ad

193 3425 394 3504 Annibalem,
426 3426 587 3507 desperata
617 3429 742 3509 penitus
773 3427 902 3491 Romani
929 3436 1025 3492 status
1053 3432 1250 3510 reparatione

194 3523 317 3588 deiecit.
352 3526 423 3587 Post
436 3525 496 3588 boc
508 3526 622 3590 Lucius
637 3528 809 3591 Postumius
824 3523 946 3609 praetor
966 3529 1130 3592 adversum
1147 3529 1251 3594 Gallos

193 3643 331 3708 pugnare
358 3625 484 3705 missus,
513 3645 583 3690 cum
612 3629 753 3689 exercitu
779 3645 888 3690 caesus
910 3635 965 3692 est.
1010 3629 1131 3692 Deinde
1155 3630 1250 3694 Sem-

194 3727 302 3806 pronio
346 3723 482 3787 Graccho
522 3727 557 3798 Q.
589 3725 682 3787 Fabio
718 3725 849 3804 Maximo
892 3728 1070 3792 consulibus
1104 3729 1251 3794 Claudius

195 3821 281 3906 [258]
303 3825 476 3902 Marcellus,
498 3843 538 3884 ex
559 3831 701 3903 praetore
722 3827 907 3906 proconsule
930 3830 1118 3910 designatus,
1144 3830 1249 3893 Anni-

195 3922 272 3986 balis
294 3926 464 3988 exercitum
487 3923 601 4003 praelio
624 3925 719 4005 ludit,
742 3926 919 4008 primusque
948 3937 1015 4010 post
1043 3935 1141 3994 tantas
1171 3929 1248 3994 llei-
