2634 4434
711 288 772 359 62·

209 545 264 592 eos
296 528 405 608 opibus
432 524 618 603 auxiliisque
647 520 813 584 confirmat.
856 522 1014 602 Lysander
1040 523 1145 602 itaque
1171 522 1257 586 Aloi-

208 629 306 692 biudis
340 627 510 690 exercitum
543 624 676 704 praedae
703 623 870 700 intentum,
904 641 940 684 ao
972 641 1028 704 per
1059 624 1118 685 hoe
1145 624 1258 704 ubique

208 731 379 810 dispersum
412 745 449 789 ao
481 742 610 806 vagum,
647 722 810 803 repentino
845 724 972 786 incursu
1004 725 1162 805 opprimit,
1194 727 1257 786 sine

208 828 353 892 oonllietu
381 827 484 906 aliquo
515 824 611 886 vineit
639 823 803 904 caeditque
830 822 1011 906 fugientem.
1054 825 1164 906 Magna
1185 826 1257 887 bueo

208 929 311 991 eludes
332 923 587 1002 Atheniensibus,
610 929 641 985 et
664 923 760 984 multo
781 921 840 984 boo
861 926 995 987 atrocius
1017 926 1140 1003 vulnus,
1169 943 1257 1005 quum

206 1029 319 1092 dudum
344 1025 529 1100 indixerunt,
551 1010 770 1104 susceperunt:
795 1041 856 1105 quo
872 1032 1038 1106 comperto,
1054 1025 1258 1090 Athenienses
1308 1022 1309 1077 ἶ

178 1173 180 1178 -
206 1127 322 1209 opinati
343 1133 416 1189 sunt
437 1124 628 1188 Alcibiadem
651 1126 812 1205 antiquum
835 1124 937 1187 exsilii
958 1125 1008 1187 sui
1030 1126 1178 1204 dolorem,
1201 1128 1258 1190 islo

205 1228 325 1292 seelere
355 1227 536 1308 proditionis
568 1225 727 1288 vindicare
760 1241 902 1288 curasse:
936 1226 1070 1306 ideoque
1098 1227 1258 1290 inlocum

206 1329 273 1408 ejus
301 1327 456 1389 Cononem
486 1326 693 1402 constituunt,
720 1327 772 1388 eui
793 1325 948 1387 residuam
971 1344 1093 1389 manum
1116 1334 1148 1390 et
1168 1344 1256 1390 sum·
1307 1322 1309 1455 p

205 1445 283 1490 mam
311 1427 386 1488 belli
413 1427 620 1503 committunt,
649 1426 703 1504 qui
731 1425 874 1506 supplere
901 1427 1008 1488 saltem
1037 1445 1168 1490 numero
1196 1447 1256 1490 ex-

203 1529 327 1591 haustas
349 1526 452 1606 copias
473 1525 598 1599 volens,
621 1542 714 1588 serres
733 1545 770 1588 aa
792 1543 906 1605 pueros
927 1527 1003 1608 legit
1024 1530 1257 1608 exercitumque

204 1627 392 1708 eonseripsit
437 1625 499 1690 Sed
526 1625 702 1707 hujusmodi
729 1643 837 1689 manus
863 1643 977 1690 moram
1007 1628 1089 1690 bello
1111 1646 1174 1690 non
1197 1629 1256 1690 ad-

204 1722 290 1810 [132]
314 1726 398 1788 tolita
423 1727 536 1807 quippe
552 1725 634 1805 quod
649 1725 772 1801 robore,
795 1743 856 1786 non
872 1743 1012 1801 numero,
1037 1727 1147 1790 ooulioi
1169 1729 1256 1791 solet.

202 1827 310 1906 ltuquo
332 1827 432 1887 statim
454 1825 577 1886 inbellis
600 1839 707 1884 munus
728 1823 779 1883 vel
801 1830 886 1901 oapta
910 1823 960 1884 vel
982 1842 1071 1887 ouesu
1093 1833 1158 1904 est,
1183 1836 1254 1890 tau-

202 1933 295 2005 taque
322 1930 440 2004 strages
463 1920 633 1984 oooisorum
657 1920 711 1982 illo
732 1921 848 2000 praelio
871 1920 950 1985 lacta
973 1930 1035 2001 est,
1064 1931 1098 1986 ut
1119 1925 1256 1990 deletum

201 2041 264 2086 non
286 2021 384 2086 solum
406 2039 554 2104 regnum,
576 2020 631 2082 sed
653 2021 745 2082 eliam
767 2037 879 2084 nomen
902 2023 1139 2086 Atheniensium
1159 2028 1253 2090 vide-

200 2131 296 2188 retur.
339 2120 382 2184 At
402 2121 457 2199 illl,
481 2121 650 2201 desperatis
672 2119 777 2198 rebus,
799 2129 938 2185 statuunt
959 2123 1067 2186 urbem
1082 2129 1256 2208 peregrinis

201 2225 290 2298 dare;
320 2227 371 2299 ut,
400 2222 453 2301 qui
476 2239 532 2302 per
553 2228 645 2284 totum
669 2221 772 2284 Asiam
795 2223 887 2302 paulo
909 2232 980 2288 ante
1002 2225 1149 2287 dominati
1169 2236 1254 2305 sunt,

200 2341 284 2386 nune
305 2339 345 2384 ex
364 2321 422 2384 hae
443 2321 579 2384 eolluvie
600 2339 705 2384 muros
718 2323 826 2397 saltem
842 2323 1076 2406 libertatemque
1093 2333 1251 2390 tueantur:

199 2430 232 2488 et
253 2421 392 2504 quamvis
414 2421 466 2484 vel
487 2439 544 2484 suo
561 2422 681 2502 judicio
702 2424 740 2486 ad
763 2423 840 2486 haee
861 2425 976 2488 tuenda
1002 2429 1095 2488 etium
1122 2426 1253 2509 objectis

190 2524 295 2588 muris
310 2538 372 2584 non
387 2519 551 2598 sufficiant,
573 2523 684 2585 iterum
706 2531 808 2586 tamen
823 2527 966 2605 experire
980 2527 1089 2588 navale
1103 2527 1253 2606 praelium

197 2629 312 2704 parunt
367 2619 485 2700 Expers
522 2622 644 2684 consilii
683 2621 770 2684 luror
801 2624 937 2686 dolorem
969 2627 1115 2688 virtutem
1146 2635 1250 2706 putat:

199 2729 409 2804 quantumque
424 2721 589 2785 meditatur
603 2723 657 2798 ira,
674 2729 791 2786 tantum
806 2725 954 2802 promittit
967 2727 1103 2790 audacia.
1130 2726 1251 2808 ltaque,

197 2821 340 2888 omnibus
362 2822 471 2900 partim
494 2823 589 2902 captis
610 2823 720 2902 partim
743 2821 929 2906 interiectis,
956 2826 997 2887 de
1023 2828 1097 2906 ipsis
1124 2846 1251 2909 quoquo

195 2921 336 3001 reliquiis
359 2920 436 2982 nihil
457 2921 571 3002 reliqui
592 2920 777 2989 factumest.
811 2923 901 2988 Solus
915 2926 980 2988 dux
994 2925 1112 3012 Conon,
1132 2946 1248 3010 super-

196 3027 259 3083 stes
280 3018 363 3083 bello
385 3027 418 3082 et
438 3021 566 3102 populo,
594 3023 706 3086 timeas
733 3026 848 3088 oinium
870 3026 1097 3106 crudelitatem,
1118 3029 1158 3091 ad
1181 3029 1247 3111 Cy·

195 3120 295 3201 prium
328 3137 434 3202 regem
461 3122 615 3184 oonoessit
641 3122 822 3206 Euagoram.
866 3127 908 3188 m
940 3126 1003 3189 dux
1034 3127 1248 3193 Laoedaemo-

194 3219 332 3298 hierom,
359 3219 489 3284 ademtis
517 3222 660 3286 omnibus
686 3226 878 3305 civitatibus,
906 3227 982 3290 nibil
1004 3227 1249 3294 Atheniensibus

194 3326 317 3400 praeter
337 3321 459 3384 inanem
483 3323 590 3386 urbem
611 3325 749 3406 reliquit,
771 3343 830 3388 nee
852 3325 910 3390 boe
925 3328 995 3390 diu:
1018 3345 1088 3391 nam
1103 3337 1136 3392 et
1150 3332 1247 3411 ipsam
1306 3342 1307 3391 ὲ

193 3417 303 3480 urbem
330 3427 435 3500 postea
458 3422 618 3504 obsidione
641 3427 851 3490 circumdedit·
894 3427 1039 3511 Angebat
1059 3429 1247 3494 intrinseous
1306 3428 1307 3433 ’

192 3514 305 3598 fames,
332 3519 480 3586 desolatio
507 3530 539 3586 et
559 3525 686 3588 morbus
707 3525 859 3591 obsessos.
901 3527 941 3592 Et
961 3547 1030 3594 eum
1053 3536 1123 3610 post
1142 3532 1247 3594 omnia

191 3617 383 3683 miseriarum
405 3622 666 3703 abominamenta,
690 3631 774 3704 'quae
800 3629 893 3691 otiam
919 3628 1024 3693 dieere
1051 3629 1162 3694 horror
1187 3638 1247 3714 est,

190 3715 267 3782 nibil
288 3719 355 3801 spei
376 3730 499 3802 praeter
521 3731 648 3787 mortem
672 3732 860 3807 oeourreret,
881 3745 988 3808 paoem
1009 3731 1160 3811 petivere.
