2634 4434
683 338 752 408 192

613 440 822 451 ...u-...m—

190 584 361 656 cvaserant,
385 576 551 640 transvecti
574 577 605 638 in
622 573 780 638 Graeciam
803 577 937 655 coegere
958 573 1101 654 precibus
1118 572 1246 651 Sullam,

189 684 224 739 ut
238 678 547 758 periclitanti,·immo
559 675 621 756 jam
637 693 736 756 paene
751 675 893 756 perditae'
904 675 1020 754 patriae
1035 691 1124 754 opem
1141 672 1241 737 lerret.

188 776 286 859 igitur
316 777 401 842 Sulla
429 794 500 839 mox
527 783 562 838 ut
590 775 775 857 Campanum
806 776 879 837 litus
911 774 1034 857 adtigit,
1067 774 1243 838 Norbanum

190 878 348 940 consulem
371 877 489 959 praelio
512 878 673 958 oppressit,
695 884 812 958 septem
836 874 930 937 millia
952 882 1026 937 tnnc
1040 874 1243 938 Romanorum

187 976 315 1041 Romani
337 977 571 1054 interfecerunt,
594 994 651 1039 sex
674 977 767 1039 millia
789 976 957 1049 eorundem
980 976 1018 1037 ab
1034 976 1143 1038 iisdem
1160 983 1244 1057 capta

188 1086 276 1158 sunt,
304 1086 426 1142 centum
456 1085 487 1140 et
511 1079 622 1160 viginti
645 1085 778 1158 quatuor
799 1078 837 1140 de
860 1077 984 1140 Sullana
1006 1080 1096 1157 parte'
1115 1076 1243 1139 cecide-

188 1186 269 1243 runt.
304 1179 415 1243 Fabius
435 1196 511 1241 vero
527 1178 691 1255 Adrianus,
714 1180 765 1240 cni
780 1179 941 1259 imperinm
957 1185 1155 1258 propraetore
1171 1184 1245 1254 erat,

190 1296 320 1361 regnum
336 1279 461 1343 Alricae
476 1297 634 1343 servorum
652 1296 744 1341 manu
765 1278 922 1341 adfectans
946 1297 963 1340 a
985 1277 1117 1340 dominis
1139 1295 1245 1340 eornm

103 1456 109 1466 1
189 1379 270 1459 apud
298 1380 415 1443 Uticam
448 1382 602 1462 congestis
630 1380 791 1442 sarmentis
821 1398 891 1441 cnm
914 1380 996 1441 omni
1019 1377 1134 1442 familia
1155 1380 1246 1440 vivus

191 1474 277 1561 [347]
301 1481 446 1542 incensus
468 1486 523 1543 est.
567 1480 768 1560 Damasippus
795 1487 933 1560 praetor,
961 1481 1123 1542 incentore
1150 1477 1246 1541 biario

190 1580 329 1659 consule,
353 1581 387 1654 0.
412 1579 600 1659 Scaevolam,
624 1581 655 1644 C.
681 1581 862 1659 Carbonem,
884 1581 915 1643 L.
932 1581 1109 1657 Domitium,
1127 1580 1159 1641 P.
1176 1580 1245 1642 An-

192 1677 282 1757 [348]
307 1682 438 1761 tistinm,
461 1684 494 1744 in
523 1686 637 1745 curiam
667 1684 754 1763 qnasi
783 1682 821 1745 ad
848 1680 1081 1744 consultandum
1108 1688 1246 1760 vocatos,

190 1780 403 1847 crudelissime
433 1784 553 1847 occidit.
599 1783 733 1863 Corpora
755 1782 987 1845 interfectorum
1010 1798 1065 1862 per
1087 1781 1247 1844 carnifices

190 1900 272 1944 unco
293 1866 405 1963 tracta,
433 1892 526 1965 atque
554 1886 586 1947 in
613 1884 747 1946 Tiberim
777 1884 868 1946 missa
895 1890 974 1947 sunt
1018 1882 1143 1948 Eodem
1163 1890 1246 1945 tem-

191 1998 266 2062 pore
282 1982 385 2046 Sullae
407 1985 502 2048 duces
523 1986 653 2067 plurima
676 1984 790 2065 praelia
811 1984 959 2048 adversus
974 1982 1124 2046 blarianas
1146 1990 1247 2064 partes

191 2080 401 2149 infelicissima
423 2083 571 2149 felicitate
593 2092 765 2169 gesserunt.
797 2080 873 2147 Nam
896 2093 928 2147 et
950 2086 986 2159 0.
1008 2083 1152 2147 Metellus
1169 2084 1246 2146 Car-

190 2182 298 2247 rinatis
321 2187 423 2267 copias
446 2187 558 2250 cecidit
580 2195 612 2251 et
638 2194 737 2249 eastra
765 2187 915 2267 pervasit,
944 2195 976 2249 et
1002 2186 1056 2248 Cn.
1087 2186 1248 2268 Pompejus
1313 2197 1314 2230 l

193 2282 341 2349 Carbonis
374 2291 543 2369 equitatum
575 2289 713 2371 graviter
744 2288 916 2350 trucidavit.
961 2287 1065 2351 Sullae
1094 2289 1189 2349 etiam
1218 2292 1249 2348 et

190 2381 278 2447 blarii
300 2386 505 2452 adolescentis
527 2389 692 2453 maximum
715 2395 789 2451 tunc
811 2388 959 2469 praelium
982 2388 1062 2468 apud
1083 2386 1247 2467 Sacripor-

193 2492 255 2548 tum
279 2485 346 2567 luit,
370 2490 401 2551 in
425 2507 486 2571 quo
510 2490 548 2553 de
571 2492 711 2553 exercitu
728 2489 815 2551 ilarii
832 2506 922 2557 caesa
943 2495 1016 2551 sunt
1037 2488 1247 2569 vigintiquin-
1313 2519 1314 2570 p

192 2602 254 2667 que
287 2589 397 2668 millia,
430 2593 511 2653 siout
544 2590 689 2653 claudius
722 2590 838 2651 scribit.
881 2590 1043 2669 Pompeius
1078 2588 1248 2651 Carbonem

192 2688 283 2750 etiam
299 2691 406 2752 eastris
422 2692 518 2769 exuit,
538 2689 772 2773 fugientemque
794 2691 953 2753 insecutus
976 2706 1059 2753 nnnc
1079 2688 1248 2765 caedendo,
1312 2751 1313 2780 ,

191 2804 275 2851 nunc
298 2788 334 2851 ad
358 2789 545 2854 deditionem
574 2791 715 2873 cogendo
742 2790 871 2872 plurima
894 2792 1050 2853 exercilus
1070 2797 1158 2870 parte
1180 2791 1248 2870 pri·
1312 2783 1313 2816 f

191 2890 283 2961 vavit.
320 2889 462 2954 Metellus
476 2891 612 2954 Norbani
627 2908 738 2972 agmen
754 2893 920 2971 oppressit:
944 2891 998 2954 ubi
1021 2909 1132 2954 novem
1156 2889 1249 2952 millia
1312 2937 1313 2940 ,

192 2986 346 3051 blarianae
362 2994 456 3070 partis
478 2992 580 3056 occisa
601 2998 681 3054 sunt.
718 2990 864 3054 Lucullus
887 3010 956 3054 oum
979 3010 996 3056 a
1019 2991 1164 3066 Quinctio
1188 2988 1249 3052 ob-

192 3088 362 3171 sideretur,
395 3094 496 3175 erupit
529 3099 560 3155 et
593 3093 755 3173 repentina
782 3111 885 3177 pugna
912 3095 1105 3157 obsessorem
1134 3091 1251 3154 delevit

192 3193 380 3274 exereitum,
413 3212 482 3257 nam
510 3194 578 3275 plus
612 3210 702 3274 quam
730 3195 837 3257 decem
865 3194 958 3256 millia
986 3194 1031 3256 ibi
1057 3199 1132 3255 tnnc
1160 3208 1250 3255 caesa

190 3292 378 3359 referuntur.
423 3295 507 3361 Sulla
530 3294 642 3359 deinde
665 3313 735 3357 eum
762 3294 928 3376 Lamponio
959 3293 1141 3358 Samnitium
1169 3292 1249 3355 duee

195 3400 226 3455 et
248 3393 413 3457 Carrinatis
435 3396 563 3476 reliquis
586 3396 701 3475 copiis,
723 3403 794 3459 ante
816 3397 911 3478 ipsam
935 3395 1047 3457 Urbem
1070 3401 1251 3475 portamque

195 3492 342 3556 Collinam
366 3494 404 3557 ad
425 3494 530 3557 horam
553 3496 615 3557 diei
638 3513 750 3558 nonam
772 3498 860 3580 signa
883 3496 1023 3572 contulit,
1046 3494 1251 3576 gravissimo-

195 3611 256 3676 que
283 3594 400 3674 praelio
428 3596 549 3657 tandem
580 3596 670 3674 vicit,
701 3598 857 3678 octoginta
889 3595 983 3658 millia
1016 3594 1175 3657 bominum
1210 3593 1252 3655 ibi

193 3692 262 3759 fusa
285 3697 443 3777 dicuntur,
466 3696 627 3760 duodecim
651 3696 746 3757 millia
773 3713 843 3758 sese
871 3695 1069 3758 dediderunt.
1099 3694 1251 3775 reliquam

196 3793 282 3879 [349]
306 3798 531 3861 multitudinem
554 3797 586 3858 in
613 3794 718 3877 lugam
745 3812 865 3859 versam
893 3796 1074 3861 insatiabilis
1096 3796 1250 3859 victorum

184 3897 310 3959 ‘civium
332 3898 378 3960 ira
399 3895 575 3960 consumsit.
650 3963 654 3975 „
