2634 4434
570 329 592 402 9

464 429 672 444 ἡ*

58 571 117 626 trae
141 565 251 626 montis¹
274 565 406 644 eiiusus,
437 567 566 630 tendens
590 570 621 630 in
645 569 821 648 meridiem,
845 574 941 652 ipsum
963 573 1002 637 ad
1023 575 1106 639 sini·

56 673 155 742 stram,
179 663 309 727 Taurum
334 667 472 730 excludit
494 669 531 732 ad
553 669 720 732 dextoram.
767 670 873 753 itaque
896 673 962 753 ipse
985 675 1106 738 Cauca-

56 785 105 828 sus
129 767 209 828 inter
231 765 361 830 Colchos
383 775 415 830 et
438 769 590 850 Albanos,
614 770 667 833 ubi
696 778 727 832 et
755 780 856 852 portas
883 773 993 853 habet,
1020 793 1108 838 mons

56 868 206 930 Caucasus
229 867 357 946 dieitur,
380 886 398 930 a
420 871 515 949 portis
539 870 655 953 Caspiis
678 874 837 953 usquead
861 876 1024 939 Armenias
1045 895 1108 958 py-

55 969 112 1047 ias,
140 968 189 1030 vei
218 986 318 1050 usque
345 970 383 1032 ad
411 969 526 1035 iontem
556 972 689 1054 Tigridis
714 971 864 1058 duruiuis,
886 977 968 1040 inter
989 976 1108 1040 Arana·

55 1071 132 1132 niam
162 1076 193 1132 ct
221 1069 366 1149 iberiam,
396 1080 515 1136 montes
542 1075 766 1138 Acroceraunii
794 1076 953 1140 dicontur:
981 1076 1108 1142 aionte

53 1171 181 1253 Tigridis
197 1189 295 1252 usque
318 1173 355 1235 ad
369 1172 475 1237 Carras
498 1175 665 1253 civitatem,
687 1175 965 1259 interiiassagetas
987 1186 1019 1241 at
1040 1174 1108 1262 [2⁰]

53 1272 191 1351 Parthos,
220 1291 305 1334 mons
333 1273 575 1340 Ariobarzanes:
610 1296 626 1340 a
661 1277 762 1340 Carris
789 1280 914 1341 civitate
943 1280 1108 1360 usquead

53 1373 195 1454 oppidum
233 1373 386 1456 Cathippi,
424 1376 506 1439 inter
539 1377 695 1459 hyrcanos
728 1383 759 1440 ei
793 1377 985 1458 Bactrianos,
1019 1397 1107 1442 mons

53 1473 247 1552 hemarmah,
270 1475 323 1536 ubi
340 1495 491 1540 amomum
516 1481 665 1541 nascitur:
690 1498 706 1540 a
723 1497 784 1560 quo
800 1482 972 1561 proximum
984 1481 1107 1564 J'ugum,

53 1593 135 1640 anons
160 1575 290 1636 Parthau
314 1578 439 1639 dieitur:
465 1578 502 1640 ab
525 1580 636 1659 oppido
660 1581 798 1661 Cathippi
821 1599 921 1662 usque
943 1583 982 1644 ad
1004 1584 1106 1645 vicum

52 1677 205 1759 Saphrinr,
230 1675 312 1738 inter
327 1675 427 1738 Dahas
446 1696 482 1740 ac
499 1659 634 1740 draucos
657 1688 689 1741 et
710 1681 906 1762 Parthyenas,
929 1699 1017 1742 mons
1039 1679 1108 1765 [2il

51 1777 236 1854 Oscobares,
272 1777 324 1839 ubi
358 1775 479 1860 Ganges
507 1777 620 1840 iiuvius
648 1781 763 1858 oritur,
784 1789 816 1844 et
836 1780 932 1844 Laser
955 1783 1105 1846 nascitur:

50 1879 174 1942 aiente
197 1878 331 1942 iiuminis
360 1878 474 1966 Gangis
504 1897 604 1960 usque
637 1881 675 1944 ad
709 1881 811 1946 tontes
842 1883 979 1945 iiumiois
1011 1883 1104 1946 Otto-

50 1999 205 2064 rogorrae,
230 1981 282 2062 qui
306 1988 377 2042 suot
400 1983 417 2044 a
440 1981 669 2062 Septentrione,
692 1978 745 2045 ubi
768 1992 840 2046 suni
856 1986 991 2048 montani
1007 1984 1104 2047 Paro-

49 2083 237 2164 pamisadae,
267 2101 353 2145 mons
383 2083 516 2145 i'aurus:
548 2102 563 2144 a
593 2083 730 2146 ioniibus
758 2084 978 2168 ottorogorrae
1005 2104 1105 2166 usque

48 2186 85 2247 ad
116 2184 271 2247 civitatem
301 2183 546 2268 ottorogorram,
576 2185 656 2248 inter
689 2185 818 2248 iiuonos
850 2192 882 2248 et
915 2185 1043 2268 Scythas
1076 2195 1108 2249 ei

49 2285 253 2368 Gandaridas,
277 2303 363 2347 mons
387 2285 548 2349 Caucasus.
594 2285 724 2348 Uitimus
745 2295 848 2350 autem
872 2288 952 2350 inter
974 2287 1053 2351 Eoos
1075 2296 1106 2352 et

48 2388 222 2465 Pasiadras‚
246 2403 333 2449 mons
355 2387 470 2466 imaus,
497 2387 550 2450 ubi
574 2387 688 2448 iiumen
712 2387 952 2470 Chrysorrhoas,
975 2396 1007 2450 et
1028 2406 1105 2468 pro·

49 2489 235 2550 montorium
259 2488 381 2551 Samum
410 2488 553 2550 orientali
581 2489 779 2566 excipiuntur
801 2504 926 2549 oceano.
971 2487 1107 2569 igitura

48 2596 154 2652 ananie
177 2588 274 2667 imao,
298 2589 356 2651 hoc
383 2595 445 2667 est,
474 2587 512 2650 ab
536 2589 596 2651 iruo
620 2587 772 2665 Caucaso,
795 2594 827 2649 et
848 2586 955 2650 dextra
978 2589 1108 2650 orientis

48 2697 144 2772 parte,
157 2709 217 2772 qua
230 2708 366 2754 oceanus
379 2679 503 2753 Sericus
517 2689 663 2766 tenditur,
676 2689 825 2768 usquead
839 2698 1020 2770 promonto-
1039 2685 1106 2772 [⁶22]

49 2793 129 2855 rium
147 2791 278 2854 Boreum
303 2799 334 2854 et
356 2791 469 2856 iiumen
486 2789 628 2868 boreum,
652 2791 725 2852 inde
747 2797 837 2852 tenus
854 2789 997 2871 Scythico
1021 2793 1107 2874 mari,

47 2893 130 2975 quod
154 2899 203 2956 est
230 2911 248 2955 a
275 2893 501 2974 septentrione,
530 2909 629 2973 usque
657 2891 695 2953 ad
724 2910 807 2954 more
836 2891 994 2973 Caspium,
1022 2894 1104 2974 quod

48 3003 95 3059 est
120 2995 159 3058 ab
184 3011 307 3073 occasu,
331 3001 362 3056 et
383 3011 482 3074 usque
504 2993 541 3056 ad
558 2999 715 3056 extentum
732 2992 859 3055 Caucasi
878 2995 999 3076 jugum,
1023 2995 1106 3076 qnod

45 3105 92 3160 est
123 3097 162 3159 ad
192 3095 367 3171 meridiem,
393 3093 603 3175 Hyrcanorum
631 3101 663 3156 et
691 3093 871 3176 Scytharum
898 3103 1007 3176 gentes
1034 3104 1107 3158 sunt

45 3187 251 3280 quadraginta
279 3196 378 3273 duae,
401 3203 527 3276 propter
548 3202 697 3258 terrarum
720 3193 936 3257 infoecundam
960 3195 1105 3258 diffusio-

46 3317 119 3363 nem
143 3299 206 3361 iaie
229 3297 417 3360 oberrantes.
461 3295 544 3360 hiare
572 3296 714 3376 Caspium
742 3293 800 3356 sub
827 3278 992 3376 hipuiionis
1017 3296 1105 3382 plaga

43 3401 81 3464 ab
106 3415 229 3464 oceano
252 3399 366 3477 oritur,
389 3398 477 3479 eujus
500 3395 735 3476 utraque'circa
764 3412 913 3459 oceanum
942 3397 1046 3478 litora,
1074 3409 1107 3463 et

44 3502 113 3566 loca
144 3502 273 3575 deserta¹
295 3501 473 3580 nicuitaque
502 3497 669 3560 habentur:
698 3497 772 3560 inde
799 3500 957 3561 meridiem
986 3519 1105 3580 versus,

44 3621 100 3683 per
130 3603 240 3684 longas
272 3602 428 3684 angustias
462 3600 613 3677 tenditur,
648 3600 747 3664 donec
780 3603 836 3680 p'er
868 3619 976 3683 magna
1009 3604 1105 3682 spatia

44 3705 224 3778 dilatatum3
254 3703 381 3765 Caucasi
410 3703 520 3764 montis
547 3700 702 3763 radicibus
726 3703 914 3767 terminetur.
958 3701 1105 3782 laquea

44 3807 124 3868 mari
147 3804 260 3886 Caspio
283 3799 365 3884 quod
388 3809 435 3866 est
456 3803 494 3866 ad
516 3802 684 3892 orientem,
713 3819 769 3883 per
790 3818 873 3865 oram
896 3801 1005 3864 oceani
1027 3817 1103 3885 sep-

44 3904 244 3970 tentrionalis
266 3921 366 3984 usquc
388 3903 426 3966 od
453 3903 576 3966 'ianaim
604 3901 732 3965 fluvium
760 3911 791 3966 et
817 3899 984 3964 biaeotidas
1010 3903 1103 3984 pain-

43 4006 117 4086 des,
142 4023 225 4088 quae
253 4012 324 4070 sunt
352 4005 389 4068 ad
418 4019 578 4081 occasum,
611 4021 667 4082 par
694 4003 767 4064 litus
795 3992 968 4064 Cimmerici
1001 4006 1105 4078 maris,
