2634 4434
556 259 652 366 'aaa

509 395 718 406 ——-—-

75 547 162 591 nem
184 531 398 610 persecutione
420 530 608 594 christianos
630 532 837 608 excruciavit,
860 531 1044 613 plurimique
1067 551 1144 597 san-

74 638 209 692 ctorum
223 647 279 710 per
293 629 429 692 diversas
443 632 617 712 provincias
633 633 778 712 martyrio
794 632 930 693 coronati
946 638 1025 696 sunt.
1061 633 1147 696 Hanc

75 730 246 811 profanam
276 733 308 792 in
334 730 521 794 Christianos
548 740 581 795 et
606 731 774 794 Ecclesiam
803 733 862 794 Dei
888 733 1147 812 praesumtionem

76 832 200 892 Severi
233 832 376 894 coelestis
411 833 487 895 ultio
520 835 698 915 evestigio
725 840 791 896 aeta
819 833 1027 915 subsequitur.
1071 831 1147 894 Nam
1270 878 1276 881 -

74 933 237 994 continuo
257 934 389 1012 rapitur,
419 933 470 996 vel
497 936 598 1013 patius
619 935 785 997 retrahitur
807 934 839 995 in
863 932 988 996 Galliam
1012 933 1147 996 Severus

73 1051 98 1092 e
128 1032 219 1114 Syria
245 1033 284 1094 ad
307 1035 429 1094 tertium
451 1034 544 1094 civile
567 1034 698 1110 bellum,
728 1051 823 1095 arnum
847 1035 928 1096 enim
947 1034 1010 1112 jam
1031 1032 1147 1094 Romae

73 1133 237 1195 adversus
258 1132 424 1208 lulianum,
447 1131 529 1194 aliud
552 1133 584 1193 in
608 1134 697 1212 Syria
719 1141 824 1196 eontra
844 1134 1045 1196 Pescennium
1067 1147 1145 1213 ges·

73 1241 188 1310 serat,
211 1233 335 1294 tertium
359 1230 485 1301 Clodius
507 1231 791 1320 Albinus,sluliani
813 1237 844 1297 in
867 1234 1037 1296 occidenda
1060 1228 1145 1313 [aba]

73 1335 248 1395 Pertinace
270 1333 382 1408 socius,
406 1334 515 1412 quise
538 1335 570 1395 in
593 1333 689 1396 Gallia
707 1334 868 1397 Caesarem
892 1334 1018 1412 lecerat,
1039 1334 1144 1395 susei-

44 1435 189 1494 ·tabat:
231 1434 318 1512 eujus
357 1432 439 1494 bella
472 1435 600 1498 multum
633 1436 787 1517 utrimque
824 1434 952 1498 Romani
985 1433 1146 1516 sanguinis

77 1534 191 1596 fusum
220 1539 274 1594 est.
318 1532 449 1594 Albinus
476 1541 578 1597 tamen
606 1537 687 1616 apud
712 1535 895 1616 Lugdunum
923 1551 1087 1616 oppressus
1115 1540 1147 1596 et

74 1632 272 1696 interiectus
293 1639 348 1695 est.
393 1632 528 1697 Severus
548 1636 647 1697 vietor
669 1637 701 1696 in
716 1635 887 1697 Britannias
908 1634 1032 1696 delectu
1046 1647 1146 1714 paene

80 1735 225 1797 omnium
248 1733 402 1795 sociorum
426 1734 563 1797 trahitur.
601 1735 658 1796 Ubi
682 1737 799 1818 magnis
821 1734 1028 1816 gravibusque
1050 1749 1145 1813 prae-

82 1837 139 1899 liis
161 1851 253 1914 saepe
279 1835 391 1915 gestis,
418 1843 572 1914 receptam
596 1842 710 1915 partem
734 1835 854 1897 insulae
876 1851 891 1896 a
915 1836 1028 1897 ceteris
1051 1833 1145 1898 indo-

84 1937 171 1998 mitis
192 1935 337 2016 gentibus
360 1935 441 1996 vallo
456 1935 702 2017 distinguendam
719 1937 844 2016 putavit.
881 1934 988 2016 ltaque
1007 1949 1147 2016 megaram

85 2037 200 2098 fossam
212 2035 479 2117 firmissimumque
491 2036 615 2113 vallum,
631 2037 748 2106 crebris
764 2037 890 2118 insuper
905 2035 1039 2098 turribus
1054 2051 1145 2096 oom-
1185 2039 1188 2046 “

88 2138 250 2214 munitum,
274 2156 328 2215 per
350 2145 474 2199 centum
496 2138 620 2216 triginta
641 2144 673 2199 et
693 2138 753 2199 duo
769 2138 863 2198 millia
878 2153 1021 2215 passuum
1037 2154 1054 2196 a
1071 2133 1146 2196 mari

56 2316 63 2322 ,
85 2238 127 2299 ad
145 2255 227 2298 mare
242 2238 336 2299 duxit.
370 2236 479 2314 lbique
493 2237 573 2316 apud
588 2235 759 2297 Eboracum
776 2234 918 2314 oppidum
935 2233 1041 2296 morbo
1058 2228 1145 2315 [503]

87 2338 185 2401 obiit..
218 2338 354 2416 Reliquit
381 2336 457 2396 duos
485 2335 578 2413 lilios,
605 2335 784 2397 Bassianum
812 2342 844 2396 et
866 2333 989 2408 Getam3
1014 2351 1144 2413 quorun

86 2437 167 2499 Geta
189 2438 284 2498 hostis
307 2434 447 2514 publicus
464 2435 620 2514 judicatus
641 2434 775 2512 interiit,
797 2434 975 2509 Bassianus,
998 2432 1147 2494 Antonini

21 2579 25 2582 -
87 2538 276 2618 cognomine
298 2535 453 2610 adsumto,
474 2549 572 2613 regno
593 2528 708 2612 potitus
731 2539 786 2596 est.
818 2577 823 2586 .

405 2786 602 2926 daput
643 2757 831 2896 ltili.
932 2785 935 2789 ’
1058 2819 1145 2908 [aaa]

92 2997 150 3064 De
171 2992 305 3060 Aurelii
331 2990 497 3060 Antonini
525 2989 742 3071 caracallae,
771 2987 874 3077 Opilii
898 2984 1066 3071 Macrini,
1093 2989 1148 3058 M.
1254 3049 1260 3056 ,

136 3093 270 3165 Aurelii
289 3091 455 3160 Antonini
474 3091 686 3177 Heliogabali
708 3096 742 3157 et
760 3087 894 3158 Aurelii
913 3088 1108 3159 Alexandri

466 3186 591 3260 Severi
615 3191 778 3276 imperiis.

180 3354 271 3416 Anno
304 3350 342 3413 ab
372 3349 461 3412 Urbe
482 3346 604 3410 condita
631 3343 845 3410 ncccctxtt.
872 3342 1017 3406 Aurelius
1045 3343 1148 3409 Anta-

96 3459 188 3520 ninus
221 3453 400 3529 Bassianus,
433 3450 579 3528 idemque
612 3447 780 3524 Caracalla,
814 3443 1077 3509 octavusdecimus
1110 3445 1148 3509 ab

96 3558 239 3638 Augusto
261 3553 463 3633 principatum
486 3551 614 3630 adeptus
643 3554 706 3634 est,
737 3547 909 3626 mansitque
937 3547 969 3606 in
997 3563 1035 3607 eo
1060 3548 1149 3607 annis

96 3674 159 3718 non
182 3655 281 3736 plenis
303 3660 428 3733 septem.
472 3650 557 3712 Vixit
584 3655 669 3728 patre
698 3648 848 3730 asperior,
880 3643 1021 3707 omnibus
1047 3650 1149 3705 autem

25 3754 27 3757 ’
97 3754 272 3819 hominibus
304 3753 432 3815 libidine
466 3749 731 3830 intemperantior,
769 3747 823 3828 qui
852 3743 948 3804 etiam
986 3757 1150 3804 novercam

98 3873 184 3919 suam
205 3855 316 3917 luliam
343 3869 472 3920 uxorem
501 3850 630 3911 duxerit.
676 3849 748 3924 llio,
778 3850 883 3906 eontra
911 3839 1035 3902 Parthos
1064 3835 1150 3923 [505]

99 3956 214 4019 bellum
237 3955 383 4030 moliens,
411 3953 492 4014 inter
513 3948 657 4010 Edessam
681 3953 712 4007 et
735 3945 842 4007 Carras
863 3941 901 4003 ab
923 3939 1061 4024 hostibus
1083 3941 1149 4002 eir-
