2634 4434
561 369 582 438 7

467 468 677 484 —n———nn—

50 609 73 672 A
97 607 223 671 llumlne
239 607 323 685 ludo,
347 607 430 688 quud
452 612 501 669 ebt
523 605 562 667 ab
584 608 716 684 oriente,
738 619 839 686 usque
860 601 899 665 ad
913 603 1027 667 humen
1041 603 1099 667 ’11-

49 711 136 792 grim,
158 710 241 790 qttcd
265 717 312 771 est
334 709 371 770 ad
394 718 549 786 occasum,
571 709 718 790 regiones
740 712 812 768 sunt
827 705 921 767 istae:
945 704 1101 784 aracosia,

49 811 180 888 Parthia,
208 811 349 892 Assyria,
377 810 476 872 Parsis
503 817 534 872 et
560 809 677 872 Mediae
705 808 767 871 situ
790 811 940 869 terrarum
963 810 1103 867 montoso

50 919 79 974 et
106 923 223 993 aspero.
267 899 331 974 iliae
354 931 370 974 a
391 911 604 992 septentrione
627 911 741 973 hahent
764 914 897 970 montem
920 905 1102 984 Caucasum,

49 1033 65 1075 a
92 1014 221 1076 mertula
255 1029 337 1075 unare
365 1012 501 1074 Rubrum
535 1019 567 1074 et
598 1013 700 1074 sinum
733 1011 902 1074 Persicum:
934 1009 966 1071 iu
1000 1003 1104 1070 medio

48 1120 149 1177 autem
172 1115 231 1190 sul,
255 1113 380 1176 humina
404 1115 566 1196 praecipua
589 1113 763 1196 Hydaspem
786 1116 818 1174 et
838 1110 954 1174 Arbita.
998 1105 1033 1171 ln
1054 1107 1103 1170 llis

47 1222 119 1278 sunt
140 1222 251 1297 gentes
274 1215 397 1297 triginta
420 1216 508 1278 duae.
546 1214 606 1279 Sed
628 1214 819 1299 generaliter
839 1209 958 1275 Parthia
980 1206 1104 1287 dicitnr,

47 1317 243 1398 quamtumvis
272 1316 447 1398 Scripturae
475 1317 606 1381 Sanctae
639 1318 814 1379 universam
847 1331 940 1394 saepe
972 1309 1103 1375 Mediam

46 1423 167 1480 recent.
212 1418 240 1478 Α
269 1417 395 1481 humine
421 1419 521 1500 l’igri,
554 1436 655 1500 usque
687 1419 725 1480 ad
759 1417 874 1480 llumen
907 1413 1103 1496 Euphratem,

47 1519 265 1598 Mesopotamia
294 1525 356 1597 est,
387 1509 538 1600 incipiens
566 1521 582 1582 a
610 1520 821 1601 septentrione
855 1518 937 1580 inter
968 1521 1104 1577 montem

47 1621 180 1682 laurum
205 1626 237 1679 et
259 1619 445 1681 Caucasum:
472 1621 525 1682 cui
553 1621 591 1681 ad
618 1620 777 1682 meridiem
804 1618 945 1683 succedit
965 1612 1103 1697 Babylo·

47 1723 114 1797 nia,
137 1719 253 1782 deinde
276 1717 442 1796 Chaldaea,
459 1720 634 1781 ¹novissime
661 1717 776 1781 Ar'ahia
801 1717 996 1782 Eudaemon:
1026 1728 1107 1794 quaa

47 1821 251 1884 interstitium
280 1819 434 1882 Persicum
462 1827 495 1883 et
521 1821 622 1882 sinum
652 1819 818 1883 drahioum
846 1822 978 1902 angusto
1004 1823 1106 1880 terrae

47 1927 147 1984 tractu
180 1923 332 1983 orientem
365 1937 474 1983 versus
508 1922 695 1986 extenditur,
744 1921 778 1985 ln
810 1921 858 1985 his
890 1928 962 1984 sunt
994 1925 1105 2002 gentes

48 2023 161 2104 viginti
175 2029 206 2085 et
218 2029 296 2085 octo.
330 2021 356 2082 A
370 2021 497 2085 humine
509 2021 673 2104 Euphrate,
687 2023 769 2105 quod
781 2031 828 2087 est
839 2022 878 2086 ab
889 2023 1021 2103 oriente,
1033 2013 1104 2094 [15]

48 2123 208 2204 usquead
232 2141 314 2184 mare
341 2111 500 2202 Nostrum,
529 2125 613 2205 quod
640 2134 688 2188 est
714 2125 752 2189 ab
780 2143 907 2201 occasu,
941 2121 1054 2185 deinde
1085 2138 1103 2181 a

48 2221 277 2304 septentrione,
311 2225 341 2286 id
369 2231 416 2287 est
443 2244 460 2288 a
488 2227 613 2290 civitate
640 2225 776 2305 Donusa,
805 2226 944 2306 quaein
973 2220 1106 2286 confinio

50 2325 258 2405 Cappadociae
280 2333 312 2387 et
334 2327 500 2389 Armeniae
522 2328 579 2390 sita
602 2336 659 2406 est,
687 2328 766 2390 haud
789 2326 895 2408 procul
918 2344 935 2387 a
959 2326 1029 2388 loeo
1052 2313 1106 2385 ubi

50 2421 220 2506 Euphrates
252 2428 405 2503 nascitur,
442 2445 542 2509 usque
577 2429 616 2490 ad
653 2427 827 2510 Aegyptum
866 2434 898 2488 et
934 2433 1105 2487 extremum

49 2528 149 2588 sinum
173 2527 357 2606 Arabicum,
386 2531 438 2610 qui
467 2535 515 2590 est
537 2528 574 2589 ad
598 2528 773 2604 meridiem,
797 2527 890 2608 longo
913 2531 1107 2606 angustoque

50 2629 135 2690 sulco
157 2629 241 2690 saxis
263 2629 435 2710 insulisque
458 2628 663 2706 creberrimo,
691 2645 708 2690 a
735 2613 841 2690 Rubro
870 2627 961 2704 mari,
989 2625 1020 2687 id
1048 2629 1106 2703 est,

50 2728 88 2789 ab
115 2745 250 2806 oceano,
280 2747 422 2793 oceasum
456 2746 565 2792 versus
599 2730 778 2793 extenditur
811 2729 915 2811 Syria,
949 2745 1029 2809 quae
1062 2726 1108 2787 sic

51 2830 241 2910 generaliter
263 2833 448 2910 nominatur,
473 2831 627 2912 habetque
645 2832 789 2893 maximas
805 2830 990 2910 provincias,
1014 2828 1108 2889 Gonn-

51 2946 222 3012 magonam,
234 2923 426 2994 Phoenicium
440 2939 471 2995 et
483 2931 681 2995 Palaestinam
692 2933 811 3013 absque
823 2931 985 2994 Saracenis
997 2937 1029 2994 et
1041 2922 1107 3012 [16]

49 3031 231 3116 Nabataeis,
259 3043 389 3113 quorum
417 3041 527 3116 gentes
554 3041 626 3096 sunt
649 3035 819 3097 duodecim.
863 3033 897 3095 ln
920 3035 1020 3114 capite
1043 3031 1107 3113 Sy·
1222 3113 1227 3118 ⁴

49 3137 113 3197 riae
138 3134 329 3215 Cappadocia
352 3144 409 3214 est,
432 3155 512 3218 quae
534 3121 626 3199 hahet
648 3136 687 3198 ab
710 3137 829 3198 oriente
853 3136 1046 3210 Armeniam,
1068 3131 1107 3193 ab

50 3253 163 3300 occasu
191 3238 313 3314 asiam,
341 3237 379 3299 ab
407 3217 552 3319 aquilone
579 3237 804 3317 l'herniscprios
827 3253 949 3314 campos
971 3242 1001 3296 et
1025 3248 1108 3296 marc

50 3317 284 3400 cimmericum:
308 3357 325 3401 a
346 3340 475 3402 meridie
498 3339 630 3402 Taurum
655 3344 800 3414 montem,
823 3336 874 3398 cui
896 3335 1034 3419 subjacet
1051 3335 1107 3398 ct-

49 3438 119 3503 licia
143 3447 177 3502 et
199 3438 314 3502 lsattria
337 3459 438 3522 usque
461 3441 498 3502 ad
521 3439 648 3502 Issicum
672 3439 788 3515 sinum,
813 3438 865 3519 qui
888 3445 1005 3519 spectat
1027 3453 1107 3500 eon-

50 3547 92 3604 tra
117 3539 251 3605 insutum
275 3541 417 3624 Cppmm.
462 3541 534 3605 Asia
554 3542 661 3624 regio,
684 3540 735 3604 vel
765 3546 816 3615 (ut
843 3542 965 3621 proprie
992 3541 1108 3610 dicam)

48 3642 122 3705 Asia
146 3643 263 3720 mmor,
290 3644 409 3726 absque
435 3643 693 3724 orientali-parte
721 3659 801 3723 quae
827 3641 865 3703 ad
889 3637 1107 3723 Cappadociam

49 3741 237 3824 Syriamque
269 3744 480 3826 progreditur,
513 3744 651 3826 undique
680 3745 866 3808 circumdata
896 3751 943 3806 est
970 3742 1062 3802 inari:
1091 3758 1108 3802 a

48 3845 265 3922 septentrione
295 3851 391 3926 'ponte
423 3844 565 3924 Euxino,
600 3845 637 3908 ab
666 3862 778 3908 occasu
804 3844 989 3925 Propontide
1015 3849 1109 3923 atque
1202 3842 1205 3846 ’

47 3940 269 4025 Hellesponto,
294 3956 316 4008 'a
342 3945 472 4010 meridie
491 3946 570 4009 inari
591 3944 718 4022 Nostro,
740 3946 795 4008 ubi
818 3952 866 4007 est
887 3958 975 4004 mons
997 3933 1108 4024 'Olym-

45 4059 114 4121 pus.
162 4043 326 4127 Aegyptus
347 4037 478 4112 interior
498 4047 536 4108 ab
559 4047 680 4107 oriente
702 4042 795 4104 habet
818 4042 936 4122 Syriam
958 4034 1109 4102 Palaesti-
