2634 4434
550 338 619 409 193

479 438 686 452 Q

389 584 588 725 dapul
635 590 763 699 lllll

107 800 173 868 De
200 805 453 889 proscriptione
480 804 644 890 Sullano,
674 814 820 899 aliisque
848 814 1045 883 crudelibus

465 910 689 995 facinoribus.

133 1073 221 1137 Sulla
237 1093 309 1139 mox
324 1084 416 1159 alque
432 1079 543 1144 Urbem
566 1084 668 1149 victor
688 1086 823 1162 intravit,
845 1086 903 1148 tria
925 1086 1021 1151 millia
1043 1086 1106 1149 luo·

38 1173 182 1251 minum,
211 1177 321 1255 quise
344 1179 538 1262 perlegales
561 1183 758 1264 dediderant,
781 1191 888 1247 contra
909 1184 956 1249 ias
977 1194 1106 1250 contra-

38 1291 103 1353 que
140 1274 236 1339 fidem
265 1277 365 1340 datam
392 1281 526 1343 inermes
557 1300 747 1366 securosque
776 1283 938 1349 interfecit.
981 1288 1107 1351 Plurimi

37 1379 116 1437 tunc
144 1394 288 1458 quoque,
311 1386 428 1443 utnon
455 1381 553 1445 dicam
581 1386 779 1466 innocentes,
806 1386 862 1449 sed
890 1388 993 1451 etiam·
1010 1390 1107 1469 ipsius

35 1473 196 1537 Sullanae
219 1481 312 1557 partis
335 1483 429 1543 occisi
452 1492 540 1563 sunt,
568 1502 645 1566 quos
673 1485 770 1550 luisse
792 1489 970 1569 plusquam
992 1506 1105 1552 novem

35 1575 142 1637 millia
168 1574 281 1639 ierunt.
319 1580 361 1641 lta
384 1581 500 1644 liberae
522 1601 578 1662 per
599 1584 713 1647 Urbem
739 1590 851 1651 caedes
872 1590 1106 1668 percussoribus

34 1676 160 1753 passim
190 1679 388 1759 vagantibus,
416 1689 450 1743 ul
477 1700 632 1763 quemque
658 1686 709 1747 vel
736 1688 782 1749 ira
807 1688 858 1749 vel
880 1689 992 1767 praeda
1013 1689 1105 1751 solli·

37 1776 173 1855 citabat,
188 1779 390 1859 agitabantur.
423 1782 521 1865 igitur
543 1787 663 1847 cunctis
680 1788 754 1867 jam,
777 1788 859 1867 quod
873 1788 989 1868 singuli
1010 1790 1104 1851 time-

37 1876 132 1957 bant,
166 1888 271 1959 aperto
298 1880 518 1965 frementibus,
553 1887 586 1960 0.
611 1886 736 1950 Catulus
764 1888 862 1968 palam
886 1888 990 1951 Sullae
1016 1888 1105 1966 dixit,

39 1996 112 2039 cum
139 1980 254 2059 quibus
277 1984 397 2045 tandem
420 1986 532 2047 victuri
554 2004 671 2065 sumus,
698 1990 725 2059 si
747 1989 883 2052 inbelle
905 1997 1048 2069 armatos,
1070 1990 1105 2052 iu

39 2096 118 2157 pace
144 2080 282 2145 inermes
304 2083 494 2150 occidimus?
530 2088 616 2149 'lunc
639 2087 740 2167 Sulla,
763 2098 889 2153 auctore
911 2089 943 2154 L.
965 2090 1104 2153 Fursidio

40 2180 243 2261 primipilari,
276 2186 391 2262 primus
424 2186 568 2249 infamem
601 2188 684 2250 illam
711 2190 844 2252 tabulam
872 2190 1104 2270 proscriptionis

40 2279 177 2345 induxit.
223 2283 321 2346 Prima
349 2288 531 2367 proscriptio
559 2290 715 2369 octoginta
736 2290 893 2352 hominum
916 2288 985 2366 fuit,
1013 2285 1104 2362 [35⁰]

42 2381 74 2441 in
98 2382 215 2463 quihus
239 2390 370 2464 quatuor
391 2388 696 2465 consulareserant,
725 2390 841 2467 Carbo,
865 2390 996 2467 illarius,
1019 2387 1102 2450 Nor·-

42 2480 143 2545 banus
167 2489 201 2546 et
224 2484 342 2565 Scipio,
366 2492 398 2547 et
419 2487 501 2547 inter
523 2503 577 2547 eos
600 2488 755 2549 Sertorius
777 2494 852 2549 tuuc
873 2490 1005 2549 maxime
1026 2506 1103 2566 per-

44 2582 265 2647 timescendus.
309 2585 385 2647 ltem
414 2585 474 2647 alia
504 2602 573 2645 cum
607 2587 785 2668 quingentis
818 2588 994 2650 nominibus
1026 2581 1103 2667 pro-

43 2673 227 2765 posita'esl‚
252 2703 341 2766 quam
365 2703 433 2747 curu
456 2683 573 2748 Lollius
596 2686 709 2767 quippe
731 2704 861 2750 securus
883 2687 1023 2769 nihilque
1044 2686 1104 2751 sibi
1190 2704 1195 2711 ·

46 2788 192 2851 conscius
220 2787 357 2869 legeret,
386 2785 440 2849 ubi
467 2802 557 2849 suum
578 2795 708 2868 repente
729 2806 842 2850 nomeu
865 2788 1009 2866 ollendit,
1031 2788 1103 2851 dum

45 2902 79 2947 se
102 2888 243 2969 trepidus
265 2888 410 2969 adoperto
438 2888 537 2968 capite
564 2887 631 2951 soro
652 2888 819 2967 subtrabit,
843 2888 1025 2951 interiectus
1047 2894 1105 2951 est.

47 2984 109 3049 Sed
131 3006 172 3051 ne
196 2990 227 3050 iu
250 2990 324 3070 ipsis
346 2989 470 3069 quidem
491 2988 604 3051 tabulis
620 2989 695 3053 fides
711 2990 831 3053 aeduis
847 2990 1102 3052 malorumvide-

46 3085 144 3167 batur.
190 3089 328 3170 Namque
344 3089 430 3167 alim,
448 3107 525 3170 quos
541 3091 792 3170 proscripserant,
804 3090 988 3172 jugulabant
993 3109 1003 3165 ;
1026 3089 1103 3153 alios

50 3195 170 3269 autem,
193 3198 354 3271 postquam
372 3188 609 3270 Jugulaverant‚
638 3189 878 3269 proscribebant.
922 3188 987 3249 Nec
1008 3190 1103 3267 ipsius

49 3292 154 3353 mortis
178 3298 243 3353 erat
263 3291 313 3353 via
335 3290 465 3371 simplex
487 3281 549 3351 aut
559 3307 620 3351 una
635 3289 783 3367 conditio,
799 3296 833 3351 ul
847 3290 880 3350 in
895 3306 974 3349 nece
990 3288 1104 3351 civium

50 3390 156 3455 sallem
183 3394 231 3474 jus
256 3389 390 3453 bostium
418 3397 609 3468 servaretur,
639 3392 693 3470 qui
719 3388 797 3451 nibil
822 3407 840 3451 a
865 3388 956 3450 vietis
982 3386 1122 3469 praeter‘

51 3492 142 3555 vitam
166 3493 303 3574 exigunt.
347 3488 384 3553 Μ.
407 3488 535 3551 Marium
563 3491 715 3571 siquidem
743 3490 782 3552 de
812 3489 918 3570 caprili
945 3508 1014 3552 casa
1041 3508 1103 3551 ex-

54 3596 178 3656 tractum
201 3593 313 3655 vinciri
336 3590 420 3655 Sulla
438 3590 547 3669 jussit,
576 3591 765 3672 ductumque
793 3598 875 3653 trans
904 3589 1038 3652 Tiberim
1065 3588 1104 3649 ad

54 3690 240 3757 Lutatiorum
272 3692 447 3773 sepulcrum
481 3690 600 3755 ellossis
634 3692 733 3755 oculis
760 3692 969 3770 membrisque
996 3690 1102 3748 minu·-

56 3794 135 3855 tatim
163 3793 308 3871 delectis,
338 3793 388 3855 vel
415 3792 507 3854 eliam
537 3791 641 3855 fractis
669 3792 823 3855 trucidari.
866 3789 937 3850 Post
956 3787 1045 3854 ⁴hunc
1072 3785 1103 3846 P.

55 3888 210 3957 Laetorius
242 3900 429 3972 senatorque
461 3890 631 3954 Venuleius
664 3893 767 3954 occisi.
820 3888 859 3948 Μ.
892 3886 980 3947 llarii
1013 3881 1103 3960 [351]

57 4001 143 4073 caput
163 3996 328 4060 Praeneste
354 3994 496 4066 missum3
526 4008 587 4070 quo
615 3991 683 4053 viso
710 3989 742 4051 C.
769 3987 883 4049 Marius
909 3985 1016 4049 ultima
1042 3985 1103 4049 de-
