2634 4434
715 311 761 386 92

634 414 842 426 ——n-—a--n-fi

212 548 373 611 celeritate
399 549 602 627 transcendit,
624 557 663 613 ct
696 549 874 632 quingentis
906 549 1013 612 stadiis
1039 549 1097 613 sub
1125 564 1187 614 nna
1215 551 1260 615 die

213 666 306 710 cursu
335 648 535 726 transmissis,
563 651 689 713 Tarsum
718 652 818 714 uenit:
851 649 956 733 ibique
974 665 1059 713 -eum
1092 651 1206 714 sudans
1232 654 1260 714 in

136 738 141 753 “
212 747 351 828 Cydnum
374 747 592 830 praefrigidum
615 767 735 813 amnem
758 747 983 827 descendisset,
1006 751 1160 832 obriguit,
1184 767 1258 814 con—

117 900 120 903 .
211 854 373 928 tractuque
402 866 566 910 nervorum
593 852 749 929 proximus
778 851 867 911 morti
895 840 961 913 luit.
1005 848 1126 914 luteres
1154 852 1259 914 Darius

212 964 281 1009 curn
298 949 444 1010 trecentis
459 948 593 1010 millibus
611 949 747 1029 peditum
770 956 801 1010 et
823 957 945 1012 centum
970 950 1103 1012 millibus
1125 954 1259 1032 equitum

212 1048 244 1108 in
267 1049 364 1110 aciem
388 1047 532 1128 procedit.
569 1047 712 1111 Moverat
733 1049 810 1111 haee
833 1050 994 1112 mullitudo
1016 1049 1149 1112 hostium
1173 1053 1260 1113 etiam

211 1145 421 1210 Alexandrum
444 1149 575 1210 maxime
595 1157 740 1228 respectu
762 1152 921 1230 paucitatis
942 1167 1027 1225 suae,
1051 1153 1260 1233 quamvisjam

211 1249 328 1328 pridem
358 1255 504 1310 sexcenis
532 1248 625 1309 millia
652 1249 784 1312 hostium
809 1251 915 1312 eadem
938 1251 1090 1330 paucitate
1113 1253 1261 1330 superatis

212 1366 273 1409 non
296 1348 394 1410 solum
418 1367 481 1411 non
504 1351 611 1410 timere
633 1369 783 1431 pugnam,
805 1351 860 1413 sed
883 1352 973 1411 etiam
1002 1351 1159 1412 victoriam
1187 1369 1260 1431 spe-

212 1466 280 1509 rare
296 1447 461 1512 didicisset.
494 1448 601 1529 ltaque
624 1469 692 1512 eum
716 1451 793 1511 intra
811 1450 927 1530 jactum
951 1450 1004 1511 teli
1027 1457 1159 1529 uterque
1182 1469 1261 1513 con-

208 1550 339 1611 stitisset
354 1552 509 1611 exereitus
532 1557 563 1610 et
585 1551 720 1612 intentos
743 1551 781 1612 ad
804 1549 1021 1632 signumbelli
1042 1550 1172 1629 populos
1194 1552 1261 1613 dis-

211 1657 372 1711 currentes
395 1652 548 1730 principes
571 1652 664 1713 variis
680 1653 886 1714 incitamentis
904 1657 1062 1728 acuerent,
1085 1651 1262 1732 ingentibus

211 1751 366 1829 utrimque
387 1752 497 1822 animis
524 1771 626 1833 pugna
654 1755 860 1815 committitur.
902 1749 936 1811 ln
967 1768 1027 1830 qua
1054 1751 1143 1814 ambo
1171 1769 1263 1834 reges

211 1856 244 1911 ol
264 1849 442 1912 Alexander
463 1859 495 1914 et
515 1853 626 1913 Darius
648 1851 865 1912 vulnerantur:
890 1868 926 1911 ao
948 1858 1007 1912 tam
1031 1851 1084 1913 diu
1106 1859 1264 1914 certamen

211 1968 324 2031 anceps
351 1950 426 2029 luit,
441 1952 557 2033 ‹quoad
583 1951 707 2032 lugeret
734 1951 854 2012 Darius.
897 1948 1017 2012 Exinde
1045 1953 1156 2014 caedes
1183 1953 1264 2014 Per-

211 2047 301 2126 [183]
325 2065 426 2114 sarum
449 2060 554 2115 secuta
577 2057 631 2112 est.
665 2048 710 2110 lbi
732 2056 806 2111 tunc
828 2051 962 2129 peditum
986 2053 1142 2133 octoginta
1156 2052 1265 2129 millia,

210 2153 348 2232 equitum
372 2155 478 2216 decem
501 2150 594 2211 millia
610 2128 709 2226 caesi,
733 2157 818 2229 capta
833 2157 935 2212 autern
952 2152 1152 2232 quadraginta
1167 2153 1267 2214 millia

210 2251 307 2317 luere.
365 2254 411 2314 Ex
447 2249 665 2311 Macedonibus
702 2267 775 2311 vero
810 2250 952 2311 cecidere
984 2251 1103 2330 pedites
1136 2259 1266 2314 centum

210 2355 350 2435 triginta,
377 2350 498 2428 equites
520 2355 643 2409 centum
668 2356 698 2411 et
721 2350 951 2430 quinquaginta.
994 2348 1029 2410 ln
1052 2352 1159 2412 eastris
1182 2352 1265 2414 Per-

210 2468 328 2529 sarum,
363 2449 490 2510 multum
522 2450 590 2511 auri
623 2458 875 2530 caeterarumque
904 2466 995 2528 opum
1021 2455 1176 2528 repertum
1209 2461 1265 2515 est.

209 2554 294 2616 lutea
314 2550 450 2628 captivos
477 2547 662 2627 cesimum,
691 2558 787 2613 mater
814 2558 846 2613 et
872 2567 951 2610 uxor
977 2549 1148 2628 eademque
1175 2568 1267 2614 soror

209 2644 242 2714 et
267 2650 348 2710 filiae
376 2648 456 2712 duae
482 2651 567 2712 Darii
594 2649 712 2724 lutere:¹
745 2652 881 2724 Quarum
907 2649 1129 2712 redemtionem
1152 2651 1265 2713 Darius

209 2769 278 2812 curn
302 2750 393 2812 etiam
424 2750 525 2813 oblata
551 2751 642 2831 regni
670 2749 794 2812 dimidia
822 2757 907 2830 parte
934 2765 995 2811 non
1025 2750 1264 2830 impetravisset,

209 2851 300 2912 tertio
323 2851 442 2914 cunctis
464 2851 623 2912 Persarum
645 2850 763 2912 viribus
785 2851 1001 2932 sociorumque
1029 2850 1152 2913 auxiliis
1179 2867 1263 2912 oon-

209 2952 325 3028 tractis,
340 2951 456 3013 bellum
470 2952 625 3014 instaurat.
649 2949 709 3012 Sed
726 2951 797 3012 dum
813 2950 889 3014 haec
903 2952 1013 3012 Darius
1029 2952 1102 3032 agit,
1117 2951 1262 3012 Alexan·
1312 3005 1313 3010 ,

196 3051 523 3113 ¹der0l³armenionem
555 3050 594 3112 ad
626 3051 829 3113 invadendam
857 3050 1007 3113 Persicam
1035 3051 1162 3113 classem
1191 3069 1262 3112 eum

209 3153 306 3232 copiis
339 3153 446 3232 mittit,
478 3153 545 3231 ipse
577 3153 609 3213 in
637 3153 755 3234 Syriam
783 3150 1000 3232 proficiscitur,
1031 3151 1074 3212 ibi
1096 3168 1136 3211 ex
1158 3151 1262 3211 multis

208 3252 268 3314 sibi
290 3253 417 3334 regibus
438 3271 508 3315 cum
529 3251 636 3314 inlulis
657 3253 739 3314 ultro
761 3251 1009 3328 occurrentibus,
1037 3250 1113 3312 alios
1135 3249 1261 3330 adlegit,

209 3352 286 3414 alios
312 3353 460 3432 perdidit;
488 3355 600 3434 Tyrum
626 3354 734 3416 urbem
757 3352 997 3431 antiquissimam
1021 3357 1051 3412 ct
1073 3349 1260 3413 florentissi-

211 3470 300 3528 mam,
323 3451 433 3513 fiducia
449 3451 743 3536 Carthaginiensium
760 3452 819 3514 sibi
835 3457 1033 3532 cognatorum
1049 3450 1261 3526 obsistentem,

210 3552 361 3631 oppressit
383 3559 414 3614 et
436 3554 524 3633 cepit.
568 3555 647 3615 Exin
677 3552 832 3628 Ciliciam,
860 3549 999 3612 Rhodum
1026 3557 1118 3630 atque
1147 3547 1260 3629 Aegy·

210 3659 295 3734 pium
322 3653 471 3730 pertinaci
499 3652 604 3715 lurore
630 3649 779 3730 pervadit.
823 3648 899 3710 lnde
931 3650 969 3712 ad
1001 3650 1148 3730 templum
1175 3647 1260 3709 lovis
1312 3643 1313 3730 l

209 3752 369 3819 Ammonis
396 3753 512 3832 pergit,
535 3757 570 3812 ut
591 3750 751 3812 mendacio
772 3749 810 3810 ad
831 3756 951 3830 tempus
973 3752 1141 3830 composito
1164 3749 1258 3829 igno<

210 3847 296 3932 [184]
335 3851 458 3910 minium
491 3850 551 3911 sibi
582 3851 675 3930 patris
709 3840 821 3912 incerti
852 3857 883 3912 et
914 3846 1068 3912 infamiam
1101 3848 1259 3932 adulterae

209 3952 314 4013 matris
335 3947 481 4012 aboleret
522 3947 599 4010 Nam
627 3951 806 4012 arcessitum
832 3950 870 4014 nd
898 3967 933 4014 se
960 3948 1023 4012 fani
1050 3950 1146 4030 ipsius
1174 3949 1258 4012 anti-
