2634 4434
184 587 293 635 omnes
315 572 502 636 Christianos
529 592 548 635 e
576 573 689 652 palatio
710 591 767 638 suo
785 574 878 657 jussit
906 571 1028 654 expelli.
1071 573 1144 638 llox
1172 575 1246 638 bel-

184 673 248 736 lum
266 675 352 736 iuter
372 673 524 736 Licinium
546 675 644 754 ipsum
668 683 700 738 et
723 675 953 738 Constantinum
983 673 1135 739 efferbuit.
1184 677 1248 740 Sed

50 835 58 850 ,
94 769 102 775 ’
186 774 403 837 Gousmnduus
428 775 600 852 bicinium,
628 777 743 839 sororis
770 793 846 839 suae
878 775 994 852 virum,
1027 777 1058 839 in
1087 777 1246 840 Pannonia

184 878 314 955 mimum
342 876 432 952 vicit,
460 875 572 938 deiude
599 875 680 956 apud
704 876 823 938 cibalas
845 875 1011 956 oppressit,
1034 877 1247 958 universaque

135 983 138 989 “
185 974 312 1038 Graecia
335 977 465 1056 potitus,
493 976 644 1040 Licinium
668 977 784 1040 crebris
805 977 895 1040 bellis
918 984 998 1039 terra
1021 977 1160 1058 marique
1183 979 1245 1040 ad-

184 1083 363 1158 surgentem
384 1084 416 1139 et
440 1095 613 1159 repressum
637 1079 759 1143 tandem
781 1078 819 1140 ad
842 1078 1028 1140 deditionem
1052 1079 1166 1159 coegit,
1189 1078 1248 1140 sed

81 1242 87 1247 ,
187 1171 273 1259 [5391
294 1177 441 1240 Herculei
463 1177 653 1258 Maximiani,
676 1180 864 1256 socerisui,
888 1185 988 1241 motus
1015 1177 1174 1257 exemplo,
1204 1195 1247 1240 ne

185 1277 295 1340 iterum
323 1280 491 1359 depositam
520 1299 685 1361 purpuram
711 1283 743 1344 in
772 1281 939 1361 perniciem
965 1278 1154 1359 reipublicae
1183 1293 1245 1340 su-

187 1386 294 1454 meret,
317 1381 467 1460 privatum
486 1383 580 1462 jussit
600 1381 716 1456 oceidi;
748 1397 828 1458 eum,
851 1379 993 1442 omnibus
1009 1378 1074 1459 jam
1096 1379 1246 1442 ministris

186 1477 324 1540 nefariae
339 1483 564 1559 persecutionis
585 1483 755 1560 exstinctis,
779 1482 1018 1561 huncquoque,
1041 1481 1073 1542 in
1096 1485 1246 1560 quantum

186 1595 332 1640 exserere
347 1582 462 1661 potuit,
478 1590 707 1661 persecutorem
725 1585 814 1665 digua
831 1583 949 1663 punitio
964 1580 1123 1662 flagitaret.
1155 1580 1246 1642 Gou-

184 1680 310 1741 stantini
325 1679 390 1760 lilii,
412 1682 536 1764 Crispus
558 1691 590 1746 et
604 1683 822 1747 Constantinus
844 1690 876 1745 et
893 1681 1029 1744 Licinius
1051 1679 1247 1758 adolescens,

184 1778 295 1842 Licinii
318 1781 449 1866 Augusti
477 1785 574 1862 lilius,
606 1786 797 1847 Constantini
819 1790 921 1846 autem
945 1801 985 1844 ex
1006 1798 1113 1844 sorore
1136 1797 1246 1861 nepos,

186 1879 331 1944 Caesares
353 1893 426 1947 suut
447 1887 550 1949 creati.
587 1886 643 1949 His
664 1887 773 1950 diebus
789 1886 892 1962 Arius,
908 1881 1137 1946 Alexandrinae
1159 1881 1248 1943 urbis

184 1982 356 2062 presbyter,
378 2003 396 2046 a
418 1988 548 2049 veritate
563 1986 635 2049 fidei
649 1985 818 2048 catholicae
834 1986 971 2062 devians,
994 1982 1154 2045 exitiabile
1169 1982 1247 2062 plu--

184 2082 271 2144 rimis
294 2083 411 2165 dogma·
425 2087 591 2148 coustituit.
633 2088 694 2161 Qui
715 2085 807 2150 simul
829 2093 865 2148 ut
885 2085 1015 2165 primum
1038 2082 1249 2149 Alexandriae

70 2178 74 2182 ’
188 2182 240 2244 rel
262 2192 354 2248 notos
375 2186 427 2248 vel
449 2172 572 2251 notatus
591 2190 675 2251 iuter
702 2187 847 2250 confusos
873 2185 968 2268 vulgo
995 2191 1163 2248 sectatores
1193 2185 1250 2246 in-

187 2291 419 2368 sectatoresque
441 2288 539 2352 sectus
561 2296 619 2367 est,
642 2290 680 2352 ab
704 2288 892 2366 Alexandro,
913 2293 988 2350 tunc
1006 2284 1145 2367 ejusdem
1161 2283 1251 2345 urbis

155 2468 158 2481 Ι
188 2385 348 2466 episcopo,
375 2390 482 2470 pulsus
509 2391 641 2454 ecelesia
670 2399 725 2454 est.
770 2389 908 2469 Cumque
931 2387 1087 2463 homiues,
1110 2401 1191 2466 quos
1214 2385 1247 2445 iu

188 2502 324 2549 errorem
354 2491 534 2569 seduxerat,
564 2495 654 2555 etiam
685 2494 715 2553 iu
749 2491 931 2553 seditionem
968 2488 1133 2564 excitaret,
1167 2485 1276 2567 apud¹

188 2584 324 2665 Niceam,
347 2591 455 2654 urbem
478 2594 649 2676 Bithyniae,
676 2598 848 2655 conventus
870 2596 1078 2652 trecentorum
1101 2592 1135 2648 et
1156 2593 1250 2648 octo-

190 2685 289 2749 decim
311 2691 523 2773 episcoporum
553 2693 653 2758 iactus
681 2701 743 2772 est,
773 2711 829 2773 per
856 2705 934 2771 quos
962 2690 1109 2752 Asianum
1139 2686 1251 2769 dogma

190 2788 348 2853 exitiabile
381 2801 412 2855 et
444 2796 590 2856 miserum
618 2794 850 2858 evidentissimo
880 2791 1121 2872 deprehensum,
1152 2787 1251 2868 palam

190 2889 343 2968 proditum
365 2911 402 2956 ac
423 2895 619 2974 reprobatum
642 2903 697 2958 est.
736 2895 796 2960 Sed
819 2897 900 2955 inter
921 2892 998 2955 baec
1016 2891 1251 2970 lumnicensem,

189 3007 247 3050 eur
266 2991 423 3054 vindicem
443 2992 589 3074 gladium,
612 3003 645 3057 et
667 2996 847 3058 destinatam
870 2994 902 3054 iu
925 2993 1034 3072 impios
1057 2989 1253 3070 punitionem

192 3087 409 3154 Constantinus
424 3094 590 3176 imperator
604 3097 695 3160 etiam
710 3097 744 3158 in
758 3095 896 3176 proprios
917 3095 981 3176 egit
1000 3091 1138 3155 allectus.
1176 3088 1252 3151 Nam

192 3187 330 3271 Crispum
352 3193 448 3259 tilium
471 3214 560 3260 suum
583 3206 616 3261 et
631 3196 931 3273 Liciniumsororis
953 3193 1060 3269 filium,
1083 3189 1253 3253 interiecit.

193 3291 283 3366 [sab]
306 3295 468 3361 Praeterea
484 3299 593 3364 multas
608 3305 719 3380 gentes
735 3298 863 3359 diversis
879 3295 1003 3375 praeliis
1018 3292 1151 3373 subegit.
1189 3290 1253 3351 Ur-

192 3391 263 3453 bem
291 3398 425 3460 uomiuis
452 3402 500 3461 sui
525 3402 730 3464 aomanorum
753 3413 863 3478 regum
886 3396 935 3458 vel
958 3395 1074 3475 primus
1096 3391 1147 3454 vel
1169 3390 1254 3452 solus

193 3493 334 3557 instituit
380 3499 466 3572 Quae
488 3502 553 3564 sola
575 3517 687 3583 expers
710 3498 876 3574 idolorum,
900 3496 938 3558 ad
967 3495 1042 3572 boc,
1070 3491 1255 3572 breuissima

195 3601 343 3676 tempure,
366 3602 488 3663 condita
511 3621 528 3664 a
551 3602 724 3664 Christiano
746 3601 940 3680 imperatore,
963 3601 1108 3677 provecta
1134 3599 1194 3667 est,
1221 3597 1257 3652 ut

194 3695 259 3758 sola
281 3695 410 3778 Romae,
439 3709 484 3763 tot
508 3703 641 3765 saeculis
670 3701 863 3780 miseriisque
891 3703 1074 3778 provectae,
1104 3692 1202 3755 forma
1225 3696 1257 3752 et

195 3802 330 3872 potentia
353 3806 462 3864 merito
489 3804 585 3882 possit
612 3801 748 3881 aequari.
791 3799 866 3860 Tum
889 3798 1002 3861 deiude
1026 3797 1141 3877 primus
1165 3792 1254 3854 Gou-

195 3898 347 3960 staulinus
364 3902 449 3980 justo
471 3904 580 3964 ordine
602 3909 635 3964 et
655 3902 707 3983 pio
728 3901 827 3962 vicem
849 3901 945 3962 vertit
965 3898 1078 3974 edicto,
1101 3893 1257 3975 siquidem

124 4029 127 4036 -
197 3996 301 4056 statuit
337 4001 413 4063 citra
445 4001 538 4062 ullam
572 4000 729 4066 bominum
764 4001 889 4064 caedem
922 4013 1110 4081 paganorum
1145 3993 1258 4075 templa
