2634 4434
715 327 765 396 60

215 519 300 698 [ras]
570 576 766 716 bapti
817 573 909 683 xi.

255 797 486 864 Athenienses
513 796 596 863 bello
622 795 992 880 Lacedaemoniorum,
1022 789 1227 856 adhortante
1269 773 1275 782 ’

299 916 445 982 seseque
467 897 508 964 ob
531 900 672 964 eccillum
693 899 878 963 ulciscente
899 893 1092 974 Alcibiade,
1114 910 1181 956 ex-

653 1001 838 1082 cipiantur.

301 1171 401 1251 Igitur
427 1168 649 1249 Athenienses,
683 1171 811 1233 biennic
839 1168 918 1251 apud
948 1166 1083 1231 Siciliam
1111 1180 1173 1224 non
1201 1163 1264 1223 sine

216 1271 527 1335 Lacedaemoniorum
551 1273 661 1334 damno
684 1270 863 1347 conflictati,
892 1269 961 1330 aliis
989 1267 1071 1329 domi
1094 1265 1180 1325 nralis
1203 1265 1264 1324 eir-

218 1371 493 1435 cumveniuntur„
526 1373 702 1435 Alcibiades
725 1373 836 1447 enim,
874 1371 936 1431 dux
971 1368 1088 1448 pridem
1122 1365 1265 1427 adversus

219 1471 385 1552 Syracusas
408 1471 641 1551 pronunciatus,
664 1490 736 1534 mcx
757 1472 794 1532 ad
816 1470 962 1552 judicium
985 1485 1040 1548 pro
1063 1467 1193 1546 quadam
1216 1468 1264 1526 in-

219 1571 414 1634 simulatione
448 1571 607 1651 detentns,
640 1572 815 1634 voluntario
841 1571 951 1632 exsilio
978 1567 1210 1630 Lacedaemona
1236 1581 1266 1626 se

219 1671 364 1749 eontulit,
392 1661 575 1753 impulitque
604 1674 784 1754 Spartanos,
811 1678 846 1733 ut
873 1670 1002 1754 turbatis
1028 1666 1265 1730 Atheniensibus

219 1789 302 1834 novo
324 1789 431 1834 rursus
451 1771 534 1834 bello
549 1775 742 1836 insisterent:
764 1788 869 1851 neque
883 1771 929 1832 eis
944 1767 1115 1847 respirandi
1130 1769 1264 1846 spatium,

220 1874 295 1953 quin
318 1874 577 1955 opprimerentur,
604 1873 794 1948 relaxarent,
828 1869 880 1930 cui
913 1871 1036 1948 incepto
1068 1867 1110 1928 ita
1144 1867 1266 1928 Graecia

220 1975 319 2036 aronis
341 1973 521 2052 adstipulata
544 1979 600 2050 est,
624 1972 712 2051 quasi
728 1972 767 2033 ad
782 1987 944 2033 commune
960 1967 1136 2029 incendium
1151 1967 1265 2028 restin-

219 2074 391 2156 guendum,
425 2074 507 2133 hono
540 2072 678 2151 publico,
711 2072 866 2154 congestis
898 2069 1016 2131 viribus
1049 2067 1265 2129 consuleretur.

219 2175 330 2237 Darius
365 2173 472 2248 etiam,
500 2189 562 2241 ,rex
587 2172 763 2250 Persarum,
791 2187 909 2233 memor
933 2170 1053 2250 paterni
1079 2168 1218 2248 avitique
1240 2169 1267 2228 in

220 2275 299 2336 hanc
314 2271 427 2332 Urbem
443 2271 516 2349 odii,
532 2290 588 2352 per
601 2264 845 2354 Tissaphernem,
861 2270 1049 2351 praelectum
1061 2269 1186 2350 Lydiae,
1203 2287 1266 2331 cum

219 2372 471 2434 Lacedaemoniis
494 2359 809 2454 ioeduffipaciscitur,
842 2373 951 2452 eisque
984 2377 1101 2433 sumtus
1133 2369 1208 2431 belli
1241 2375 1267 2430 et

220 2474 323 2554 copias
350 2472 520 2554 pollicetur.
565 2473 674 2536 Mirum
706 2474 805 2556 dictu,
837 2473 1071 2535 Atheniensium
1103 2477 1204 2532 tantm
1235 2487 1267 2531 ea

220 2580 400 2654 tempestate
429 2591 503 2653 opes
531 2573 642 2653 inisse,
676 2583 727 2652 ut,
760 2592 830 2636 cum
857 2575 1006 2636 adversus
1032 2588 1101 2647 eos,
1128 2571 1188 2632 hoc
1215 2577 1266 2645 est,

220 2675 367 2736 adversus
396 2690 486 2734 unam
509 2673 628 2751 urbem,
651 2673 810 2750 Graeciae,
832 2671 936 2751 Asiae,
959 2674 1115 2751 totiusque
1137 2671 1267 2732 Orientis

220 2773 338 2836 viribus
354 2773 509 2834 incursum
525 2773 579 2851 sit,
595 2772 760 2855 pugnaudo
774 2790 882 2854 saepe,
898 2790 1106 2852 necunquam
1122 2771 1267 2846 cedendo,
1303 2790 1304 2835 ς

221 2874 373 2938 consumti
406 2872 502 2951 magis
533 2871 697 2934 videantur
728 2871 823 2935 fuisse
856 2893 947 2954 quam
979 2875 1063 2936 victi.
1120 2873 1268 2952 Principio
1303 2838 1305 2947 b

222 2975 304 3036 enim
326 2971 501 3032 Alcibiades
524 2988 630 3034 omnes
652 2973 753 3035 socios
775 2974 908 3036 deficere
930 2973 968 3035 ab
990 2973 1037 3034 his
1059 2972 1098 3034 ad
1111 2973 1268 3034 Lacedae·
1302 3012 1303 3023 κ

223 3069 313 3147 [129]
343 3073 462 3158 monins
490 3073 606 3153 coegit:
636 3072 690 3134 sed
718 3081 751 3135 et
772 3074 810 3135 ab
831 3074 879 3136 his
902 3091 1026 3153 quoque
1049 3091 1105 3153 per
1125 3074 1269 3137 iuvidiam

222 3173 342 3236 insidiis
364 3172 517 3252 adpetitus
539 3172 675 3256 aufugit,
698 3182 730 3235 et
756 3175 795 3236 ad
821 3173 1053 3252 Tissaphernem
1082 3175 1114 3235 iu
1142 3173 1268 3236 Mediam

221 3275 387 3337 concessit:
410 3273 460 3334 cui
481 3274 581 3335 statim
603 3274 833 3336 adcommodata
855 3276 982 3356 iugenio
1004 3281 1037 3336 et
1064 3277 1126 3354 apti
1156 3274 1269 3353 eloquii
1301 3312 1302 3325 t

221 3375 319 3456 gratia
342 3371 518 3436 familiarior
539 3375 648 3452 iactus,
671 3373 845 3453 persuadet,
868 3392 908 3436 ue
931 3375 1191 3437 Lacedaemonios
1213 3381 1268 3435 tam

222 3471 354 3553 profusis
376 3473 484 3552 opibus
502 3478 606 3556 juvet:
630 3492 700 3535 eum
716 3477 817 3554 potius
832 3476 921 3538 istius
935 3476 1110 3538 certaminis
1125 3475 1267 3537 arbitrum

221 3579 486 3654 spectatoremque
499 3573 565 3634 fieri
583 3573 709 3652 debere,
725 3575 924 3655 integrasque
936 3577 1051 3657 Lydiae
1061 3577 1145 3637 vires
1156 3575 1266 3637 adrer-
1300 3572 1302 3707 p

222 3690 275 3736 sus
296 3674 443 3734 victorem
461 3675 671 3735 reservandas.
705 3674 908 3747 Quamobrem
921 3676 1139 3757 Tissaphernes
1157 3682 1266 3754 partem

223 3773 329 3836 classis
351 3789 420 3833 cum
443 3771 597 3849 aliquanta
620 3790 711 3834 manu
734 3773 845 3836 deduci
859 3775 1088 3839 Lacedaemona
1103 3775 1208 3856 jubet:
1232 3792 1266 3835 ne

223 3872 273 3934 vel
301 3869 490 3932 abundantes
517 3869 671 3960 saliragiis
698 3873 800 3935 alieno
827 3876 886 3936 tuti
914 3874 1052 3952 periculo
1081 3874 1264 3949 dimicarent,

223 3970 273 4033 vel
295 3969 327 4031 in
350 3973 445 4028 totum
468 3968 619 4047 destituti,
641 3980 817 4053 susceptum
839 3979 994 4037 certamen
1017 3975 1203 4038 omitterent.
