2634 4434
568 335 614 402 7l

487 433 696 450 Ἣ

65 571 223 635 Graeciam
249 574 429 654 populorum
458 575 550 636 corda
578 591 771 656 corporaque
802 581 1004 658 oppresserit,
1038 599 1119 661 quac

63 673 177 735 ederes
198 675 316 736 animos
337 676 444 756 ignoto
466 678 667 756 acquiescere
690 679 753 738 otio
773 684 832 740 tam
850 677 940 741 iacile
955 683 1117 760 persuasit,

62 791 152 852 quam
181 775 362 838 brevissime
389 777 555 839 ostendam.
599 777 851 856 Lacedaemonii,
880 787 985 860 utpote
1013 782 1116 842 boroi-

61 892 132 953 nes,
157 884 190 937 et
212 875 319 938 Graeci
342 877 498 954 homines,
521 895 583 958 quo
605 879 691 958 plura
715 878 883 967 habebant,
911 899 949 942 oo
971 881 1117 962 ampliora

59 977 235 1055 cupienteS,
263 986 421 1058 postquam
450 979 685 1040 Atheniensium
714 981 802 1059 potiti
830 989 916 1058 sunt,
939 983 1116 1044 universam

58 1077 164 1138 Asiam
197 1096 252 1158 spe
284 1068 503 1141 dominationis
536 1079 712 1140 hauserunt.
767 1080 874 1162 ltaque
907 1083 962 1143 toti
996 1082 1117 1144 Orienti

57 1176 174 1238 ballum
208 1186 382 1255 moventes,
420 1179 624 1259 Dercyllidam
660 1181 768 1242 ducem
803 1185 833 1244 in
867 1183 945 1244 banc
979 1182 1117 1243 militiam

55 1276 177 1358 legunt,
201 1282 253 1360 qui
276 1299 345 1342 cum
368 1280 427 1342 sibi
450 1277 598 1342 adversus
620 1281 698 1343 duos
722 1284 948 1361 potentissimos
964 1283 1118 1356 Artaxer-2

54 1380 102 1439 xis
125 1381 288 1442 Persarum
310 1383 394 1463 regis
417 1379 604 1460 praefectos,
627 1382 853 1446 Pharnabazum
877 1391 909 1448 at
931 1382 1113 1463 Tissapher-

55 1482 348 1560 compugnandum
377 1483 513 1558 videret,
544 1484 668 1561 proviso
694 1485 732 1546 ad
760 1492 880 1564 tempus
907 1485 1052 1560 consilio,
1079 1490 1117 1544 ut

53 1580 179 1659 pondus
201 1582 343 1660 geminae
368 1583 597 1662 congressionis
623 1584 781 1662 eluderet,
809 1603 904 1646 unum
933 1584 1113 1646 denuntiato

54 1681 138 1741 bello
163 1681 295 1760 adpetit,
325 1681 453 1743 alterum
483 1689 569 1761 pacta
592 1701 667 1762 pace
689 1684 856 1764 suspendit.
901 1684 1114 1744 Pharnabazus

53 1781 290 1860 Tissaphernem
318 1781 398 1861 apud
427 1783 645 1860 Artaxerxem,
674 1801 866 1846 communem
894 1790 968 1846 tuuc
996 1801 1112 1864 regem,

55 1881 156 1943 deleri
178 1889 212 1942 ut
234 1881 430 1960 proditorem,
454 1885 632 1960 praesertim
656 1886 709 1964 qui
732 1901 802 1945 eum
825 1883 912 1944 hoste
935 1884 1008 1945 belli
1028 1890 1110 1944 tem-

54 1999 127 2060 pore
152 1983 192 2043 de
215 1982 350 2042 laederis
371 1984 549 2045 conditione
569 1985 754 2066 pepigisset:
778 1986 978 2064 hortaturque
992 2001 1110 2064 regem,

55 2091 87 2143 ut
109 2085 142 2144 in
165 2083 266 2144 locum
287 2084 357 2163 ejus
373 2082 540 2162 Cononem,
563 2085 784 2148 Atheniensem
808 2088 918 2162 virum,
942 2088 995 2165 qui
1019 2082 1109 2159 [tte]

56 2191 127 2244 tunc
161 2183 239 2244 sorte
267 2183 346 2262 apud
376 2183 507 2264 Cyprum
542 2185 716 2262 exsulabat,
750 2187 860 2248 ducem
893 2186 995 2247 navali
1028 2185 1110 2248 hello

55 2286 229 2346 constituat.
296 2284 440 2365 Acceptis
476 2288 571 2367 igitur
602 2287 786 2369 quingentis
821 2288 941 2369 argenti
987 2285 1107 2348 talentis

56 2384 161 2446 Conon
190 2403 246 2465 per
277 2387 505 2449 Pharnabazum
539 2395 703 2464 evocatur,
735 2389 889 2467 classique
922 2386 1107 2466 praeficitur,

55 2485 167 2564 quihus
187 2489 363 2567 compertis,
385 2487 618 2550 Lacedaemonii
642 2493 674 2547 et
695 2489 753 2565 ipsi
773 2487 886 2547 auxilia
902 2486 1019 2554 navalis
1034 2486 1109 2546 belli

55 2604 162 2667 aroge
177 2587 310 2668 Aegypti
325 2588 522 2667 Hercynione
543 2603 599 2666 per
620 2586 741 2667 legatos
760 2592 878 2666 petunt,
901 2604 919 2646 a
942 2601 1003 2664 quo
1026 2603 1106 2646 cen-

56 2693 115 2747 turn
140 2689 303 2750 instructas
326 2690 466 2750 triremes
489 2695 520 2748 et
538 2694 685 2748 sexcenta
702 2687 795 2748 millia
812 2687 944 2747 modium
961 2685 1112 2748 frumenti.

56 2796 253 2869 acceperunt:
277 2807 295 2850 a
318 2791 411 2850 sociis
433 2790 523 2849 etiam
547 2787 685 2866 undique
706 2805 813 2869 magna
829 2795 1011 2848 contraxere
1026 2787 1105 2846 suh-

55 2889 138 2951 sidia.
184 2890 240 2951 Cui
269 2890 396 2952 militiae
422 2905 576 2951 consensu
603 2890 756 2968 omnium,
789 2887 966 2969 Agesilaum
996 2886 1106 2948 ducem

56 2989 275 3068 decreverunt,
302 2991 401 3051 virum
431 2987 510 3069 pede
538 2990 696 3066 claudum,
719 2989 773 3052 sed
797 2989 905 3068 quiin
926 2987 1105 3050 difficillima

55 3107 154 3151 rarum
183 3099 263 3152 statu
291 3091 416 3151 mallent
443 3089 502 3150 sibi
529 3107 636 3170 regem
658 3091 832 3152 claudicare
853 3107 945 3168 quam
967 3107 1105 3169 regnum.

55 3188 131 3251 liare
160 3211 294 3272 unquam
324 3194 364 3252 ita
397 3209 487 3270 pares
517 3191 601 3251 omni
634 3191 784 3252 industria
817 3189 912 3251 duces
945 3191 976 3250 in
1009 3207 1107 3250 uuum

56 3292 157 3351 coiere
187 3291 316 3368 bellum,
351 3294 403 3372 qui
432 3291 637 3352 acerbissimis
665 3291 797 3350 invicem
824 3289 949 3368 praeliis
976 3287 1105 3370 fatigati,

56 3397 85 3450 ct
106 3393 203 3452 multo
224 3395 376 3474 sanguine
398 3391 500 3469 obliti,
527 3392 614 3452 velut
636 3391 743 3452 inuicti
766 3389 803 3450 ab
826 3388 974 3451 alterutro
994 3409 1105 3454 reces-

58 3499 170 3554 serunt.
215 3493 317 3574 igitur·
340 3494 462 3569 Conon,
499 3499 626 3571 accepto
660 3494 770 3554 iterum
802 3508 858 3570 per
889 3508 923 3553 se
956 3493 1055 3572 ipsum
1088 3510 1105 3554 a
1200 3535 1202 3543 s

55 3591 136 3674 Rege
153 3593 274 3674 hlagno,
296 3594 459 3674 stipendio,
473 3610 619 3655 reversus
633 3594 670 3656 ad
687 3593 826 3670 classem,
849 3593 964 3654 invadit
978 3592 1105 3654 hostiles

57 3711 158 3773 agros,
187 3701 304 3773 turres,
333 3694 456 3757 castella
488 3702 673 3774 caeteraque
700 3693 852 3774 praesidia
879 3700 1049 3772 expugnat:
1070 3699 1107 3784 et

56 3795 148 3856 veluti
170 3795 269 3856 effusa
291 3803 471 3874 tempestas,
500 3813 684 3876 quacunque
711 3794 867 3870 incubuit,
895 3798 1005 3853 cuncta
1028 3807 1106 3870 pro*

57 3897 169 3959 sternit.
214 3897 448 3958 Lacedaemonii
475 3913 551 3958 vero
576 3897 752 3958 domesticis
779 3893 867 3954 malis
894 3891 1106 3972 circumventi,

58 3999 190 4060 externis
212 3998 333 4060 inhiare
353 3998 523 4073 desistunt,
551 3996 761 4075 abjiciuntque
783 4009 868 4071 spem
891 3991 1107 4054 dominationis
