2634 4434
562 337 635 410 297

55 576 181 640 claudi.
224 575 295 638 llox
318 574 484 640 Gothorum
508 575 689 640 fortissimas
711 583 743 638 et
764 574 989 656 copiosissimas
1017 585 1126 658 pentes

54 679 95 739 in
123 679 192 758 ipso
214 677 365 741 barbariei
386 678 445 741 soli
467 678 549 755 sinu,
570 676 630 739 hoc
651 683 699 740 est
720 677 750 738 in
773 675 976 740 Sarmatarum
997 677 1126 757 regione

55 778 194 841 delevit.
240 779 418 842 Galocerum
446 777 608 860 quemdam
636 778 670 842 in
693 777 792 859 Cypro
814 777 1017 857 adspirantem
1040 771 1126 856 [541]

54 879 160 940 novis
181 879 275 942 rebus
296 882 453 961 oppressit
496 879 730 944 'lriceunalih'us
751 879 815 943 suis
838 877 1020 940 Dalmatiam
1043 875 1126 938 Gae-

54 969 169 1040 sarem
192 979 276 1060 legit.
319 980 458 1061 Cumque
480 980 594 1042 bellum
617 982 650 1042 in
672 979 778 1040 Persas
801 977 974 1056 moliretur,
1001 977 1032 1039 in
1054 974 1127 1038 villa

53 1079 193 1157 publica
220 1080 320 1160 juxta·
340 1078 565 1155 Nicomediam,
598 1079 774 1158 dispositam
801 1077 882 1140 bene
908 1075 1127 1158 rempublicam

53 1177 141 1242 filiis
162 1180 302 1256 trudens,
324 1180 406 1240 diem
429 1175 514 1238 obiit.
683 1187 686 1192 “
1000 1183 1002 1190 '

394 1429 592 1567 ltpat
639 1427 815 1542 lllllX.

56 1605 326 1702 Constantinus
333 1681 343 1715 ,
373 1631 603 1700 Constantius
629 1637 664 1700 et
685 1633 860 1702 Cerretana
882 1634 1127 1720 Imperatores.

134 1734 278 1801 Interim
300 1737 343 1800 de
363 1733 781 1904 dlumenggcmimte
808 1738 1003 1822 imperium,
1032 1741 1066 1804 et

58 1982 64 1985 ’
155 1991 247 2056 Anno
268 1992 307 2055 ab
322 1992 404 2056 Urbe
425 1993 546 2057 condita
561 1966 691 2074 llllcll,
710 1947 911 2059 'Constantius
931 1993 1126 2058 tricesimus-

64 2094 197 2175 quintus
218 2111 289 2157 cum
312 2093 511 2157 Constantino
536 2102 569 2158 et
591 2096 757 2160 Constante
784 2095 928 2160 fratribus
955 2098 1019 2160 suis
1046 2097 1126 2158 ade-

65 2201 142 2276 ptus
168 2195 346 2285 imperium,
379 2195 651 2276 vigintiquatuor
677 2199 765 2258 annis
794 2199 903 2259 tenuit.
946 2198 1015 2258 Fuit
1046 2197 1128 2256 inter

65 2312 268 2358 successores
296 2295 488 2356 Constantini
515 2302 547 2354 et
574 2294 743 2358 Dalmatius
770 2296 882 2358 Caesar
908 2293 1009 2357 fratris
1036 2296 1127 2374 lilius,

65 2396 128 2458 sed
150 2397 299 2456 continuo
321 2394 445 2455 militari
467 2393 602 2456 factione
623 2395 787 2474 decerptus
809 2403 864 2456 est.
909 2395 1029 2458 lnterea
1058 2415 1127 2458 ma-

66 2497 156 2577 ligma
171 2512 294 2574 semper
308 2495 456 2554 adversus
470 2495 569 2554 Deum
591 2511 698 2554 uerum
720 2493 879 2556 infestatio
902 2495 1026 2572 diaboli,
1049 2513 1129 2576 quae

66 2596 111 2660 ab
139 2595 243 2656 iuitio'
258 2594 363 2654 mundi
385 2593 543 2672 usquead
566 2610 687 2656 nunca
710 2594 831 2656 sincero
854 2593 926 2656 fidei
947 2595 1129 2676 religionis·-

67 2713 137 2777 que
170 2694 306 2770 tramite,
342 2693 449 2755 offusis
482 2701 620 2756 errorum
651 2693 791 2772 nebulis,
824 2695 940 2757 lubrica
968 2691 1129 2758 lominum

70 2794 168 2860 corda
196 2793 369 2874 perturbat3
399 2802 559 2876 postquam
582 2793 762 2856 Christianis
783 2797 1018 2874 imperatoribus
1040 2815 1129 2858 sum·-

72 2914 166 2960 mam,
183 2895 290 2976 regiae
317 2896 476 2975 potestatis
503 2896 535 2957 in
569 2894 696 2956 meliora
728 2896 935 2974 vertentibus,
969 2898 1131 2960 ecclesiam

74 2996 188 3059 Christi
213 2995 282 3057 zelo
310 2995 501 3058 idololatriae
528 2998 673 3076 persequi
701 2997 831 3075 destitit,
858 2997 942 3060 aliud
970 2999 1130 3063 machina-⁵
1190 3013 1192 3019 ·

74 3104 229 3174 meatum,
257 3111 319 3174 quo
345 3113 401 3174 per
427 3096 552 3158 eosdem
582 3096 770 3160 christianos
798 3099 997 3178 imperatores
1020 3102 1131 3164 Christi

76 3196 239 3260 ecelesiam
266 3202 410 3271 vexaret,
432 3196 576 3259 invenit·
604 3196 652 3260 Fit
677 3199 772 3279 igitur
799 3199 890 3276 Ario,
917 3197 989 3261 novi
1020 3201 1133 3262 erroris
1246 3198 1249 3202 ’

76 3298 206 3374 auctori,
229 3296 404 3376 ueterisque
426 3296 583 3376 discipulis
605 3297 701 3376 ipsius
723 3299 761 3360 ad
783 3297 1018 3362 familiaritatem
1043 3297 1132 3378 [542]
1171 3354 1173 3368 .

78 3398 249 3462 Constantii
277 3396 468 3476 imperatoris
493 3404 630 3476 promtus
650 3399 751 3461 aditus
774 3406 805 3461 et
827 3399 925 3462 facilis
947 3400 1005 3464 via.
1051 3402 1133 3465 Sua·
1188 3439 1195 3448 ι

78 3499 170 3561 datm
197 3497 391 3573 constantio,
418 3504 453 3558 ut
479 3497 627 3576 quosdam
655 3499 688 3560 in
716 3499 782 3560 Deo
810 3501 922 3581 gradus
946 3503 1069 3565 eredat:
1104 3512 1135 3564 et

80 3600 134 3679 qui
155 3615 212 3678 per
228 3600 354 3678 Januam
377 3598 415 3659 ab
437 3615 543 3659 errore
563 3597 753 3661 idololatriae
769 3600 868 3666 luerat
883 3618 1037 3681 egressus,
1059 3619 1134 3663 rur-

79 3715 134 3776 sus
154 3701 188 3760 in
209 3699 310 3760 sinum
334 3699 412 3779 ejus,
433 3698 507 3760 dum
523 3699 555 3760 in
570 3699 636 3760 Deo
656 3698 731 3762 deos
753 3704 883 3780 quaerit,
906 3707 1058 3779 tamquam
1082 3719 1137 3781 per·

81 3799 328 3881 pseudothyrum.
342 3800 505 3862 inducitur.
548 3799 696 3864 Perverse
719 3803 814 3882 igitur
834 3799 909 3866 zelo,
925 3805 1058 3879 potestus
1080 3819 1134 3863 ur·

82 3906 181 3963 matur
202 3899 302 3981 illusa,
328 3907 360 3962 et
381 3901 438 3962 sub
460 3901 585 3963 nomine
607 3901 729 3982 pietatis
751 3900 798 3960 vis
819 3900 1044 3978 persecutionis
1065 3903 1136 3983 ugi-

83 4007 173 4064 tatur.
211 4000 256 4063 De
272 4016 351 4063 nova
366 4000 500 4064 nominis
513 3999 668 4076 electione
683 3997 889 4078 contenditur,
905 4006 939 4061 ut
954 3999 1137 4065 Asianorum
1205 3999 1211 4026 ¹
