2634 4434
544 356 616 427 235

400 604 592 741 Uopul
642 602 763 710 XVh
1015 637 1104 715 mm]

95 824 231 893 Cacsar
252 823 502 892 Alexandrinis
523 844 637 910 repom
658 825 780 902 reddit,
802 820 1065 889 Alexandrinos

282 926 407 1011 subigit
431 930 589 1011 cavesque
609 930 735 993 multos
757 926 879 1010 coedit.

138 1096 355 1159 Alexandrinis
384 1096 559 1174 petentibus
587 1114 693 1176 regem
721 1094 854 1155 reddidit
881 1095 1044 1170 monitum,
1074 1100 1109 1153 ut

54 1199 150 1278 magis
179 1198 342 1257 amicitiam
364 1195 544 1272 Romanam,
574 1214 663 1274 quam
692 1213 773 1254 arma
802 1195 936 1273 experiri
962 1194 1108 1254 studeret

55 1298 113 1369 ont
137 1304 240 1358 tamen
264 1295 335 1354 ilico
358 1302 391 1354 nt
413 1294 492 1357 liber
513 1294 580 1373 luit,
604 1294 717 1355 bellum
742 1293 853 1370 intulit,
883 1294 937 1355 sed
960 1280 1108 1353 continuo

53 1415 123 1458 cum
153 1403 217 1456 toto
246 1396 384 1457 exercitu
411 1413 467 1456 suo
495 1402 526 1455 et
554 1397 618 1475 ipse
647 1395 767 1457 deletus
795 1401 850 1457 est.
894 1394 968 1456 Nam
997 1392 1109 1474 viginti

52 1497 150 1556 millia
173 1494 328 1554 hominum
357 1496 388 1555 in
419 1482 455 1555 eo
483 1496 564 1555 hello
594 1514 686 1565 ¹caesa
719 1496 911 1572 reseruntur,
945 1494 1107 1556 duodecim

52 1596 150 1657 millia
174 1612 243 1654 cnm
266 1594 457 1673 septuaginta
479 1596 579 1675 longis
603 1595 731 1655 navibus
754 1597 867 1680 dedita,
891 1595 1052 1675 quingenti
1068 1612 1109 1653 ex

52 1694 225 1757 victoribus
252 1694 401 1782 cecidisse
425 1694 575 1755 dicuntur.
619 1694 686 1755 Rex
708 1696 773 1773 ipse
796 1696 976 1755 adolescens
998 1691 1109 1771 scapha

55 1802 213 1874 exceptae,
234 1800 267 1854 ut
284 1793 415 1873 lugeret,
433 1793 534 1855 multis
551 1794 756 1867 insilientibus
780 1813 897 1856 mersus
919 1800 1108 1871 necatusque

55 1904 110 1957 ost.
150 1896 265 1973 Corpus
289 1896 355 1975 ejus
378 1895 415 1956 ad
438 1894 509 1955 litus
525 1896 714 1972 devolutum,
738 1896 852 1957 indicio
867 1896 981 1956 loricae
995 1911 1109 1955 aureae

55 1996 212 2077 cognitum
229 1993 294 2056 fuit.
333 1996 398 2067 Qua
416 1995 527 2056 Caesar
542 1995 758 2057 Alexandriam
775 1998 949 2075 praemissa,
966 1995 1107 2056 Alexan-

56 2096 161 2157 drinos
189 2112 295 2155 omnes
323 2096 360 2155 ad
389 2096 575 2157 deditionem
611 2098 824 2177 desperatione
857 2096 1017 2175 compulit,
1050 2114 1107 2153 re-

54 2212 213 2276 gnumque
236 2194 370 2275 Aegypti
401 2196 578 2274 Cleopatrae
607 2197 698 2258 dedit.
742 2198 816 2256 lnde
848 2197 964 2275 Syriam
993 2212 1107 2272 perva-

54 2302 161 2376 gatae,
191 2294 375 2355 Pharnacem
403 2295 435 2353 in
457 2294 552 2354 Ponto
575 2296 657 2355 vicit.
702 2297 809 2355 Postea
832 2312 906 2355 vero
930 2313 1019 2373 quam
1042 2292 1108 2351 Ro-

55 2414 135 2456 mam
159 2396 254 2469 venit‚
278 2395 406 2454 dictator
429 2402 460 2453 et
483 2394 589 2453 consul
613 2402 744 2469 creatus,
768 2397 799 2454 in
822 2394 955 2454 Africam
980 2393 1109 2468 transiit,

56 2502 86 2556 et
109 2495 190 2574 apud
213 2493 362 2570 Thapsum
387 2509 456 2551 cum
478 2490 556 2551 Juba
580 2499 610 2551 et
641 2494 784 2569 Scipione
811 2481 977 2572 pugnavit,
1007 2493 1109 2550 maxi-

55 2611 200 2672 mamque
216 2592 259 2651 ihi
276 2590 431 2650 hominum
449 2590 672 2653 multitudinem
689 2590 850 2653 interiecit.
874 2592 977 2652 Castra
990 2592 1109 2651 utrius-

56 2681 118 2775 que
137 2694 253 2770 direpta
269 2697 350 2767 sunt,
367 2691 524 2770 sexaginta
545 2690 698 2770 elephanti
720 2694 806 2774 capti.
845 2693 917 2753 Cato
939 2709 1009 2756 sese
1031 2691 1112 2773 apud

56 2796 175 2858 Uticam
199 2791 318 2853 occidit.
355 2789 431 2852 lnba
450 2794 621 2872 percussori
638 2793 782 2876 Jugulum
805 2794 902 2875 pretio
923 2794 993 2854 dato
1015 2811 1109 2870 prae-

57 2896 134 2957 buit.
179 2892 316 2954 Petreius
340 2892 448 2953 eodem
472 2910 505 2954 se
527 2893 629 2974 gladio
651 2894 797 2975 perfodit:
834 2892 935 2973 Scipio
965 2895 995 2954 in
1024 2888 1112 2975 [424]

58 2996 147 3071 navi,
176 3013 235 3073 qua
264 2995 299 3055 ad
331 2993 488 3075 Hispanias
506 2988 625 3075 ‘lugere
654 2996 844 3057 contendens
871 3001 965 3056 vento
987 3001 1111 3073 coactus

59 3098 90 3155 in
119 3092 252 3155 Africam
282 3094 430 3173 redierat,
457 3096 621 3171 semetipse
645 3095 806 3175 jugulavit.
850 3095 884 3155 ln
910 3098 1017 3157 eadem
1040 3096 1111 3157 navi

61 3197 152 3256 etiam
182 3194 213 3254 Τ.
247 3194 418 3272 Torquatus
452 3194 572 3253 occisus
606 3199 660 3254 est.
707 3193 818 3253 Caesar
846 3194 981 3274 Pompeii
1009 3194 1112 3275 Magni

60 3300 188 3373 nepotes
221 3290 375 3371 filiamque
407 3292 577 3372 Pompeiam
614 3292 766 3371 simulque
795 3311 863 3352 cum
892 3294 939 3354 his
968 3294 1111 3356 Faustum

63 3393 175 3455 Sullam
199 3398 229 3452 et
251 3391 410 3452 Afranium
434 3400 465 3452 et
486 3392 638 3451 Petreium
662 3390 756 3452 hlium
774 3392 866 3470 jussit
888 3395 995 3458 occidi.
1038 3396 1112 3459 lnde

64 3500 192 3572 quatuor
213 3492 370 3571 triumphis
394 3491 505 3551 Urbem
536 3491 708 3570 ingressus,
739 3493 885 3573 disposito
912 3506 1112 3576 recuperatae

62 3592 144 3671 Reip.
169 3600 265 3665 statu;
291 3593 436 3653 continuo
459 3593 491 3652 in
506 3590 665 3671 Hispanias
686 3601 790 3656 contra
806 3596 963 3678 Pompeios
979 3597 1113 3674 Pompeii

64 3692 140 3753 lilios
171 3692 342 3771 prolectuS,
372 3693 501 3771 septimo
529 3692 664 3770 decimo,
694 3712 783 3773 quam
807 3713 950 3775 egressus
972 3695 1009 3754 ab
1031 3694 1112 3755 Urbe

64 3791 162 3853 suerat
189 3792 238 3852 die
273 3793 440 3873 Saguntum
469 3795 623 3872 pervenit,
651 3796 814 3873 statimque
844 3794 991 3854 adversus
1018 3794 1112 3853 Pom-

64 3894 147 3969 peios
170 3892 247 3953 duos
270 3899 300 3952 et
321 3891 488 3953 Labienum
512 3900 603 3971 atque
626 3893 743 3955 Attium
766 3893 895 3968 Varum,
918 3891 1011 3954 multa
1033 3893 1114 3956 bella

65 3998 93 4051 et
116 3992 197 4053 varia
220 3997 302 4052 sorte
324 3992 425 4069 gessit.
465 3990 608 4051 Ultimum
625 3991 738 4053 bellum
755 3991 835 4068 apud
849 3990 990 4054 Mundam
1006 3994 1113 4054 urbem
