2634 4434
694 311 742 383 56

526 561 714 702 eaput
766 560 902 672 lllll.

191 783 322 854 Fames
350 785 385 849 et
408 783 604 865 pestilentia
632 751 771 848 Romae.
814 781 973 848 Potestas
995 778 1185 847 Corzsrrlnm
1211 784 1246 848 in

191 887 416 955 Decemviros
438 886 623 963 mandata,
643 883 844 968 permicioau
865 883 1082 968 reipublicae.
1125 880 1248 950 Crebri

295 989 333 1053 io
349 985 450 1052 ltalia
471 981 587 1051 terroe
608 989 732 1050 motus.
765 983 990 1052 Fidenatium
1012 983 1143 1049 bellarm.

277 1158 385 1234 Anno,
416 1158 468 1236 qui
501 1157 657 1236 proximus
690 1156 908 1219 trecentesimo
940 1155 978 1216 ab
1011 1153 1093 1216 Urbe
1125 1155 1248 1217 condita

194 1259 263 1336 tuit,
286 1259 357 1321 dum
380 1258 473 1338 legati
496 1257 533 1318 ad
556 1256 765 1318 Athenienses
787 1265 911 1337 propter
934 1255 1055 1318 Solonis
1078 1255 1165 1336 leges
1187 1254 1246 1316 de·
1311 1312 1312 1315 ,

194 1359 338 1422 terendas
359 1358 442 1420 missi
465 1365 692 1437 exspectantur,
715 1375 797 1419 arma
819 1358 953 1418 Romana
976 1355 1073 1417 tames
1095 1355 1248 1434 pestilen-

194 1459 298 1539 tiaqua
331 1460 527 1538 compescuit.
572 1457 640 1537 lpso
673 1465 776 1518 autem
809 1458 1025 1518 trecentesimo
1058 1473 1155 1536 anno,
1188 1455 1247 1516 boe
1311 1510 1312 1519 ,

194 1565 251 1634 est,
268 1557 438 1640 olympiade
454 1558 771 1637 nonagesimaquiuta‚
786 1564 920 1636 potestas
936 1557 1096 1618 consulum
1113 1556 1245 1618 decem-

131 1699 135 1709 ,
195 1654 285 1734 [121]
313 1659 386 1722 viris
408 1659 516 1722 tradita
539 1657 821 1720 constituendarum
837 1658 940 1738 legum
956 1656 1126 1718 Atticarum
1150 1656 1249 1736 gratia

194 1775 334 1840 magnam
356 1761 523 1841 perniciem
546 1755 630 1834 Reip.
653 1757 788 1817 invexit:
813 1775 881 1818 nam
908 1758 1025 1835 primus
1051 1773 1092 1816 ex
1118 1757 1249 1817 decem-

195 1859 282 1937 viriS,
304 1859 485 1923 cedentibus
508 1855 649 1931 caeteris,
672 1856 756 1916 solus
778 1855 896 1934 Appius
919 1854 1063 1919 Claudius
1085 1854 1144 1916 sibi
1168 1873 1249 1916 con-

195 1961 326 2022 tinuavit
348 1959 524 2039 imperium:
553 1956 718 2034 statimque
740 1955 869 2032 aliorum
891 1955 1062 2036 conjuratio
1084 1953 1250 2016 subsecuta

196 2066 258 2136 est,
280 2067 329 2136 ut,
353 2075 437 2120 more
459 2061 629 2131 contemto,
653 2071 715 2134 quo
738 2054 1003 2136 insigneimperii
1025 2071 1121 2133 penes
1142 2073 1249 2129 unum,

195 2167 330 2237 potestas
352 2163 453 2218 autem
476 2157 647 2216 communis
669 2162 745 2233 erat,
767 2171 875 2217 omnes
897 2156 998 2216 omnia
1021 2155 1150 2234 propriis
1173 2153 1249 2216 libi-

197 2258 319 2320 dinibus
341 2257 499 2335 agitarent.
537 2255 644 2336 ltaque
663 2257 892 2334 interemtam,
916 2274 996 2335 quae
1011 2254 1250 2317 insolentissime

196 2357 299 2418 cuncti
321 2355 572 2434 praesumebant,
598 2364 727 2436 repente
749 2356 864 2438 singuli
885 2374 955 2418 cum
978 2356 1129 2418 duodenis
1151 2355 1248 2417 lasci-

196 2455 253 2514 bus
275 2455 469 2536 caeterisque
498 2457 617 2537 imperii
647 2458 822 2539 insignibus
848 2463 1080 2536 processerunt:
1108 2462 1142 2517 et
1168 2471 1250 2516 novo
1309 2506 1310 2527 ,

196 2554 351 2632 improbae
367 2557 568 2620 ordinationis
591 2560 725 2637 incepto,
748 2557 888 2638 ablegata
909 2558 1062 2637 religione
1077 2556 1250 2627 consulum,

196 2655 322 2717 emicuit
343 2673 454 2736 agmen
477 2662 687 2735 tyrannorum,
711 2657 829 2718 duabus
845 2656 957 2718 tubulis
971 2657 1074 2738 legum
1090 2655 1251 2717 addacem

196 2755 313 2834 priores
342 2755 468 2833 additio,
497 2763 625 2837 agentes
654 2754 895 2818 insolentissimo
917 2757 998 2819 lastu
1020 2757 1166 2836 plurima,
1190 2756 1251 2831 die,

198 2873 259 2934 quo
282 2855 438 2935 deponere
460 2857 655 2937 magistratus
679 2873 744 2918 mos
766 2864 841 2934 erat,
864 2877 934 2920 cum
954 2859 1062 2919 iisdem
1078 2855 1252 2937 insignibus

198 2963 424 3035 processerunt.
457 2955 588 3018 Maxima
611 2957 702 3018 etiam
724 2956 816 3036 Appii
832 2956 951 3019 Claudii
972 2956 1068 3018 libido
1090 2957 1177 3016 auxit
1198 2957 1251 3016 in-

198 3056 327 3132 vidiam,
359 3057 428 3135 qui,
457 3063 492 3117 ut
518 3055 678 3137 Virginiae
704 3058 818 3139 virgini
840 3065 978 3137 stuprum
1001 3055 1145 3132 interret,
1169 3058 1253 3135 prius

197 3156 356 3218 servitutis
393 3173 515 3218 causam
549 3156 668 3232 intulit3
706 3159 904 3237 quamobrem
937 3157 1062 3218 adactus
1095 3155 1254 3236 Virginius
1307 3166 1308 3231 t

198 3263 285 3335 pater
306 3255 412 3318 dolore
435 3255 585 3318 libertatis
608 3263 639 3317 et
661 3258 778 3336 pudore
800 3258 980 3334 dedecoris,
1009 3263 1192 3338 protractam
1216 3255 1253 3316 ad

111 3339 119 3359 ⁵
198 3356 378 3418 servitutem
406 3355 498 3418 filiam
532 3357 564 3417 in
591 3355 758 3440 conspectu
785 3359 891 3438 populi
914 3361 981 3438 pius
1004 3357 1154 3437 parricida
1176 3373 1252 3435 pro-

198 3457 320 3516 stravit:
358 3474 419 3536 qua
451 3457 581 3536 populus
613 3459 807 3520 necessitatis
840 3460 1000 3521 atrocitate
1033 3464 1189 3537 permotus
1223 3463 1254 3516 et

200 3552 290 3631 [122]
314 3557 451 3636 periculo
466 3557 615 3620 libertatis
630 3558 814 3633 admonitus,
839 3566 971 3620 montem
987 3558 1177 3620 Aventinum
1194 3575 1252 3617 oc·

198 3659 282 3736 pavit
309 3664 448 3720 armatus.
492 3658 556 3720 Nec
585 3657 665 3718 tueri
698 3656 871 3718 libertatem
904 3660 996 3720 armis
1029 3658 1161 3732 destitit,
1196 3658 1254 3718 nisi

200 3764 359 3836 postquam
387 3776 421 3819 se
444 3760 673 3838 conjuratorum
696 3757 883 3835 conspiratio
906 3759 979 3837 ipsis
1002 3776 1127 3837 quoque
1150 3757 1253 3817 hono-

199 3856 285 3918 ribus
307 3858 468 3920 abdicavit.
512 3856 613 3916 Tertia
637 3862 669 3915 et
691 3856 796 3935 quinta
823 3865 891 3936 post
919 3860 1118 3920 centesimam
1150 3857 1253 3936 olym·

199 3958 304 4038 piade,
333 3977 388 4038 per
416 3964 511 4018 totum
535 3952 601 4016 sero
635 3973 749 4018 aunum
779 3964 839 4020 tam
867 3958 985 4038 crebri,
1013 3965 1138 4036 tamque
1161 3959 1255 4020 etiam
