<?xml version="1.0" encoding="UTF-8"?>
<!DOCTYPE html PUBLIC "-//W3C//DTD XHTML 1.0 Transitional//EN"
    "http://www.w3.org/TR/xhtml1/DTD/xhtml1-transitional.dtd">
<html xmlns="http://www.w3.org/1999/xhtml" xml:lang="en" lang="en">
 <head>
  <title>
</title>
<meta http-equiv="Content-Type" content="text/html;charset=utf-8" />
  <meta name='ocr-system' content='tesseract 3.04.00' />
  <meta name='ocr-capabilities' content='ocr_page ocr_carea ocr_par ocr_line ocrx_word'/>
</head>
<body>
  <div class='ocr_page' id='page_1' title='image "./pauliorosiipres00havegoog_0226.png"; bbox 0 0 2634 4434; ppageno 0'>
   <div class='ocr_carea' id='block_1_1' title="bbox 538 364 608 433">
    <p class='ocr_par' dir='ltr' id='par_1_1' title="bbox 538 364 608 433">
     <span class='ocr_line' id='line_1_1' title="bbox 538 364 608 433; baseline -0.029 0"><span class='ocrx_word' id='word_1_1' title='bbox 538 364 608 433; x_wconf 77' lang='lat'><strong>221</strong></span> 
     </span>
    </p>
   </div>
   <div class='ocr_carea' id='block_1_2' title="bbox 470 466 679 476">
    <p class='ocr_par' dir='ltr' id='par_1_2' title="bbox 470 466 679 476">
     <span class='ocr_line' id='line_1_2' title="bbox 470 466 679 476; baseline 0.005 -2"><span class='ocrx_word' id='word_1_2' title='bbox 470 466 679 476; x_wconf 71' lang='lat' dir='ltr'><strong>-n-——-—</strong></span> 
     </span>
    </p>
   </div>
   <div class='ocr_carea' id='block_1_3' title="bbox 50 590 1105 1377">
    <p class='ocr_par' dir='ltr' id='par_1_3' title="bbox 50 590 1105 1377">
     <span class='ocr_line' id='line_1_3' title="bbox 54 590 1102 678; baseline 0.008 -22"><span class='ocrx_word' id='word_1_3' title='bbox 54 596 150 657; x_wconf 85' lang='lat' dir='ltr'><strong>biorix</strong></span> <span class='ocrx_word' id='word_1_4' title='bbox 171 614 239 657; x_wconf 91' lang='lat' dir='ltr'><strong>oum</strong></span> <span class='ocrx_word' id='word_1_5' title='bbox 262 594 458 659; x_wconf 83' lang='lat' dir='ltr'>Eburonibus</span> <span class='ocrx_word' id='word_1_6' title='bbox 485 605 516 659; x_wconf 88' lang='lat' dir='ltr'><strong>et</strong></span> <span class='ocrx_word' id='word_1_7' title='bbox 544 598 703 663; x_wconf 85' lang='lat' dir='ltr'><strong>Aduaticis</strong></span> <span class='ocrx_word' id='word_1_8' title='bbox 730 599 924 678; x_wconf 68' lang='lat' dir='ltr'>conspirans,</span> <span class='ocrx_word' id='word_1_9' title='bbox 952 590 1102 665; x_wconf 83' lang='lat' dir='ltr'><strong>animalns</strong></span> 
     </span>
     <span class='ocr_line' id='line_1_4' title="bbox 53 696 1101 783; baseline 0.008 -28"><span class='ocrx_word' id='word_1_10' title='bbox 53 696 405 783; x_wconf 27' lang='lat' dir='ltr'><strong>Trevirorumdconsilim</strong></span> <span class='ocrx_word' id='word_1_11' title='bbox 429 696 545 761; x_wconf 81' lang='lat' dir='ltr'><strong>Cottam</strong></span> <span class='ocrx_word' id='word_1_12' title='bbox 568 704 600 761; x_wconf 91' lang='lat' dir='ltr'><strong>et</strong></span> <span class='ocrx_word' id='word_1_13' title='bbox 616 698 761 763; x_wconf 90' lang='lat' dir='ltr'><strong>Sabinum</strong></span> <span class='ocrx_word' id='word_1_14' title='bbox 783 698 902 779; x_wconf 75' lang='lat' dir='ltr'><strong>legatos</strong></span> <span class='ocrx_word' id='word_1_15' title='bbox 916 700 997 780; x_wconf 85' lang='lat' dir='ltr'><strong>apud</strong></span> <span class='ocrx_word' id='word_1_16' title='bbox 1011 700 1101 763; x_wconf 81' lang='lat' dir='ltr'><strong>libu-</strong></span> 
     </span>
     <span class='ocr_line' id='line_1_5' title="bbox 52 796 1103 880; baseline 0.008 -25"><span class='ocrx_word' id='word_1_17' title='bbox 52 812 141 858; x_wconf 90' lang='lat' dir='ltr'><strong>rones</strong></span> <span class='ocrx_word' id='word_1_18' title='bbox 163 814 232 858; x_wconf 90' lang='lat' dir='ltr'><strong>cum</strong></span> <span class='ocrx_word' id='word_1_19' title='bbox 253 804 315 859; x_wconf 84' lang='lat' dir='ltr'><strong>tota</strong></span> <span class='ocrx_word' id='word_1_20' title='bbox 331 796 468 860; x_wconf 87' lang='lat' dir='ltr'><strong>funditus</strong></span> <span class='ocrx_word' id='word_1_21' title='bbox 482 798 608 880; x_wconf 84' lang='lat' dir='ltr'>legione</span> <span class='ocrx_word' id='word_1_22' title='bbox 623 800 744 861; x_wconf 80' lang='lat' dir='ltr'><strong>insidiis</strong></span> <span class='ocrx_word' id='word_1_23' title='bbox 759 800 985 861; x_wconf 88' lang='lat' dir='ltr'><strong>circumventos</strong></span> <span class='ocrx_word' id='word_1_24' title='bbox 1000 800 1103 863; x_wconf 87' lang='lat' dir='ltr'><strong>inter·</strong></span> 
     </span>
     <span class='ocr_line' id='line_1_6' title="bbox 52 894 1104 963; baseline 0.008 -8"><span class='ocrx_word' id='word_1_25' title='bbox 52 894 132 957; x_wconf 84' lang='lat' dir='ltr'><strong>lecit.</strong></span> <span class='ocrx_word' id='word_1_26' title='bbox 177 896 337 960; x_wconf 85' lang='lat' dir='ltr'><strong>Ambiorix</strong></span> <span class='ocrx_word' id='word_1_27' title='bbox 360 898 417 960; x_wconf 91' lang='lat' dir='ltr'><strong>bac</strong></span> <span class='ocrx_word' id='word_1_28' title='bbox 443 900 571 962; x_wconf 85' lang='lat' dir='ltr'><strong>victoria</strong></span> <span class='ocrx_word' id='word_1_29' title='bbox 600 900 698 963; x_wconf 89' lang='lat' dir='ltr'><strong>elatus</strong></span> <span class='ocrx_word' id='word_1_30' title='bbox 727 899 894 961; x_wconf 80' lang='lat' dir='ltr'><strong>Aduaticos</strong></span> <span class='ocrx_word' id='word_1_31' title='bbox 920 906 952 961; x_wconf 88' lang='lat' dir='ltr'><strong>et</strong></span> <span class='ocrx_word' id='word_1_32' title='bbox 973 899 1104 963; x_wconf 82' lang='lat' dir='ltr'><strong>Nervios</strong></span> 
     </span>
     <span class='ocr_line' id='line_1_7' title="bbox 52 994 1103 1079; baseline 0.008 -23"><span class='ocrx_word' id='word_1_33' title='bbox 52 994 257 1077; x_wconf 88' lang='lat' dir='ltr'><strong>plurimosque</strong></span> <span class='ocrx_word' id='word_1_34' title='bbox 280 998 357 1060; x_wconf 91' lang='lat' dir='ltr'><strong>alios</strong></span> <span class='ocrx_word' id='word_1_35' title='bbox 378 1000 485 1079; x_wconf 91' lang='lat' dir='ltr'><strong>raptim</strong></span> <span class='ocrx_word' id='word_1_36' title='bbox 508 1001 539 1061; x_wconf 95' lang='lat' dir='ltr'><strong>in</strong></span> <span class='ocrx_word' id='word_1_37' title='bbox 562 1016 645 1062; x_wconf 85' lang='lat' dir='ltr'><strong>arma</strong></span> <span class='ocrx_word' id='word_1_38' title='bbox 660 1000 823 1075; x_wconf 90' lang='lat' dir='ltr'><strong>contrabit,</strong></span> <span class='ocrx_word' id='word_1_39' title='bbox 845 1006 939 1079; x_wconf 87' lang='lat' dir='ltr'><strong>atque</strong></span> <span class='ocrx_word' id='word_1_40' title='bbox 953 999 991 1063; x_wconf 91' lang='lat' dir='ltr'><strong>ad</strong></span> <span class='ocrx_word' id='word_1_41' title='bbox 1008 1001 1103 1063; x_wconf 84' lang='lat' dir='ltr'><strong>Cice-</strong></span> 
     </span>
     <span class='ocr_line' id='line_1_8' title="bbox 51 1097 1105 1185; baseline 0.008 -29"><span class='ocrx_word' id='word_1_42' title='bbox 51 1112 155 1158; x_wconf 89' lang='lat' dir='ltr'><strong>ronem</strong></span> <span class='ocrx_word' id='word_1_43' title='bbox 171 1097 323 1185; x_wconf 80' lang='lat' dir='ltr'><strong>legatum,</strong></span> <span class='ocrx_word' id='word_1_44' title='bbox 339 1100 394 1179; x_wconf 93' lang='lat' dir='ltr'><strong>qui</strong></span> <span class='ocrx_word' id='word_1_45' title='bbox 403 1099 550 1169; x_wconf 76' lang='lat' dir='ltr'><strong>similiter</strong></span> <span class='ocrx_word' id='word_1_46' title='bbox 564 1106 638 1160; x_wconf 90' lang='lat' dir='ltr'><strong>tunc</strong></span> <span class='ocrx_word' id='word_1_47' title='bbox 652 1098 768 1180; x_wconf 90' lang='lat' dir='ltr'><strong>legioni</strong></span> <span class='ocrx_word' id='word_1_48' title='bbox 786 1098 817 1159; x_wconf 95' lang='lat' dir='ltr'><strong>in</strong></span> <span class='ocrx_word' id='word_1_49' title='bbox 835 1097 974 1162; x_wconf 87' lang='lat' dir='ltr'><strong>bibernis</strong></span> <span class='ocrx_word' id='word_1_50' title='bbox 987 1118 1105 1181; x_wconf 86' lang='lat' dir='ltr'><strong>prase-</strong></span> 
     </span>
     <span class='ocr_line' id='line_1_9' title="bbox 50 1196 1105 1280; baseline 0.009 -25"><span class='ocrx_word' id='word_1_51' title='bbox 50 1202 113 1273; x_wconf 91' lang='lat' dir='ltr'><strong>rat,</strong></span> <span class='ocrx_word' id='word_1_52' title='bbox 146 1198 313 1261; x_wconf 88' lang='lat' dir='ltr'><strong>contendit.</strong></span> <span class='ocrx_word' id='word_1_53' title='bbox 356 1196 518 1260; x_wconf 76' lang='lat' dir='ltr'><strong>Multitudo</strong></span> <span class='ocrx_word' id='word_1_54' title='bbox 546 1198 679 1260; x_wconf 90' lang='lat' dir='ltr'><strong>bostium</strong></span> <span class='ocrx_word' id='word_1_55' title='bbox 709 1216 750 1261; x_wconf 84' lang='lat' dir='ltr'><strong>ex</strong></span> <span class='ocrx_word' id='word_1_56' title='bbox 776 1198 835 1260; x_wconf 90' lang='lat' dir='ltr'><strong>boc</strong></span> <span class='ocrx_word' id='word_1_57' title='bbox 861 1197 967 1280; x_wconf 79' lang='lat' dir='ltr'><strong>colligi</strong></span> <span class='ocrx_word' id='word_1_58' title='bbox 994 1202 1105 1280; x_wconf 90' lang='lat' dir='ltr'><strong>potnit,</strong></span> 
     </span>
     <span class='ocr_line' id='line_1_10' title="bbox 51 1296 1104 1377; baseline 0.003 -21"><span class='ocrx_word' id='word_1_59' title='bbox 51 1297 120 1374; x_wconf 82' lang='lat' dir='ltr'><strong>quia</strong></span> <span class='ocrx_word' id='word_1_60' title='bbox 148 1315 219 1359; x_wconf 88' lang='lat' dir='ltr'><strong>enm</strong></span> <span class='ocrx_word' id='word_1_61' title='bbox 247 1299 278 1358; x_wconf 94' lang='lat' dir='ltr'><strong>in</strong></span> <span class='ocrx_word' id='word_1_62' title='bbox 308 1296 469 1359; x_wconf 84' lang='lat' dir='ltr'><strong>obsidione</strong></span> <span class='ocrx_word' id='word_1_63' title='bbox 496 1305 664 1361; x_wconf 88' lang='lat' dir='ltr'><strong>castrorum</strong></span> <span class='ocrx_word' id='word_1_64' title='bbox 692 1299 805 1362; x_wconf 80' lang='lat' dir='ltr'><strong>vallum</strong></span> <span class='ocrx_word' id='word_1_65' title='bbox 837 1300 977 1361; x_wconf 85' lang='lat' dir='ltr'><strong>eircum-</strong></span> <span class='ocrx_word' id='word_1_66' title='bbox 1011 1296 1104 1377; x_wconf 70' lang='grc'>[398]</span> 
     </span>
    </p>
   </div>
   <div class='ocr_carea' id='block_1_4' title="bbox 51 1395 1237 1477">
    <p class='ocr_par' dir='ltr' id='par_1_4' title="bbox 51 1395 1237 1477">
     <span class='ocr_line' id='line_1_11' title="bbox 51 1395 1237 1477; baseline 0.01 -20"><span class='ocrx_word' id='word_1_67' title='bbox 51 1395 183 1460; x_wconf 91' lang='lat' dir='ltr'><strong>dandum</strong></span> <span class='ocrx_word' id='word_1_68' title='bbox 207 1412 276 1459; x_wconf 84' lang='lat' dir='ltr'><strong>esse</strong></span> <span class='ocrx_word' id='word_1_69' title='bbox 298 1414 316 1459; x_wconf 94' lang='lat' dir='ltr'><strong>a</strong></span> <span class='ocrx_word' id='word_1_70' title='bbox 338 1397 467 1477; x_wconf 88' lang='lat' dir='ltr'><strong>captivis</strong></span> <span class='ocrx_word' id='word_1_71' title='bbox 481 1396 623 1462; x_wconf 83' lang='lat' dir='ltr'><strong>Romanis</strong></span> <span class='ocrx_word' id='word_1_72' title='bbox 638 1398 826 1461; x_wconf 78' lang='lat' dir='ltr'><strong>docerentur</strong></span> <span class='ocrx_word' id='word_1_73' title='bbox 846 1405 879 1461; x_wconf 89' lang='lat' dir='ltr'><strong>et</strong></span> <span class='ocrx_word' id='word_1_74' title='bbox 900 1399 1105 1465; x_wconf 78' lang='lat' dir='ltr'><strong>instrumenta</strong></span> <span class='ocrx_word' id='word_1_75' title='bbox 1228 1455 1237 1469; x_wconf 82' lang='grc'><strong>.</strong></span> 
     </span>
    </p>
   </div>
   <div class='ocr_carea' id='block_1_5' title="bbox 48 1495 1193 3973">
    <p class='ocr_par' dir='ltr' id='par_1_5' title="bbox 48 1495 1176 3375">
     <span class='ocr_line' id='line_1_12' title="bbox 48 1495 1103 1582; baseline 0.006 -26"><span class='ocrx_word' id='word_1_76' title='bbox 48 1495 163 1557; x_wconf 88' lang='lat' dir='ltr'><strong>ruralia</strong></span> <span class='ocrx_word' id='word_1_77' title='bbox 186 1513 248 1557; x_wconf 94' lang='lat' dir='ltr'><strong>non</strong></span> <span class='ocrx_word' id='word_1_78' title='bbox 270 1496 429 1575; x_wconf 83' lang='lat' dir='ltr'><strong>baberent,</strong></span> <span class='ocrx_word' id='word_1_79' title='bbox 453 1496 563 1579; x_wconf 81' lang='lat' dir='ltr'><strong>gladiis</strong></span> <span class='ocrx_word' id='word_1_80' title='bbox 586 1497 777 1561; x_wconf 85' lang='lat' dir='ltr'><strong>concidendo</strong></span> <span class='ocrx_word' id='word_1_81' title='bbox 798 1506 911 1561; x_wconf 87' lang='lat' dir='ltr'><strong>terram</strong></span> <span class='ocrx_word' id='word_1_82' title='bbox 933 1506 966 1562; x_wconf 86' lang='lat' dir='ltr'><strong>et</strong></span> <span class='ocrx_word' id='word_1_83' title='bbox 984 1496 1103 1582; x_wconf 75' lang='lat' dir='ltr'><strong>sagulis</strong></span> 
     </span>
     <span class='ocr_line' id='line_1_13' title="bbox 48 1595 1105 1677; baseline 0.006 -20"><span class='ocrx_word' id='word_1_84' title='bbox 48 1596 251 1676; x_wconf 86' lang='lat' dir='ltr'><strong>exportando,</strong></span> <span class='ocrx_word' id='word_1_85' title='bbox 273 1597 326 1656; x_wconf 79' lang='lat' dir='ltr'><strong>aix</strong></span> <span class='ocrx_word' id='word_1_86' title='bbox 348 1596 445 1657; x_wconf 87' lang='lat' dir='ltr'><strong>tribus</strong></span> <span class='ocrx_word' id='word_1_87' title='bbox 467 1598 550 1658; x_wconf 87' lang='lat' dir='ltr'><strong>boris</strong></span> <span class='ocrx_word' id='word_1_88' title='bbox 564 1597 678 1658; x_wconf 90' lang='lat' dir='ltr'><strong>vallum</strong></span> <span class='ocrx_word' id='word_1_89' title='bbox 692 1599 805 1677; x_wconf 88' lang='lat' dir='ltr'><strong>pedum</strong></span> <span class='ocrx_word' id='word_1_90' title='bbox 820 1595 928 1661; x_wconf 88' lang='lat' dir='ltr'><strong>decem</strong></span> <span class='ocrx_word' id='word_1_91' title='bbox 943 1606 976 1659; x_wconf 89' lang='lat' dir='ltr'><strong>et</strong></span> <span class='ocrx_word' id='word_1_92' title='bbox 989 1598 1105 1663; x_wconf 71' lang='lat' dir='ltr'><strong>iussum</strong></span> 
     </span>
     <span class='ocr_line' id='line_1_14' title="bbox 48 1695 1105 1777; baseline 0.004 -20"><span class='ocrx_word' id='word_1_93' title='bbox 48 1696 162 1775; x_wconf 91' lang='lat' dir='ltr'><strong>pedum</strong></span> <span class='ocrx_word' id='word_1_94' title='bbox 185 1696 361 1775; x_wconf 92' lang='lat' dir='ltr'><strong>quindecim</strong></span> <span class='ocrx_word' id='word_1_95' title='bbox 383 1714 439 1777; x_wconf 89' lang='lat' dir='ltr'><strong>per</strong></span> <span class='ocrx_word' id='word_1_96' title='bbox 461 1697 559 1765; x_wconf 52' lang='lat' dir='ltr'><strong>millia,</strong></span> <span class='ocrx_word' id='word_1_97' title='bbox 573 1712 720 1777; x_wconf 79' lang='lat' dir='ltr'><strong>passuum</strong></span> <span class='ocrx_word' id='word_1_98' title='bbox 734 1697 910 1776; x_wconf 86' lang='lat' dir='ltr'><strong>quindecim</strong></span> <span class='ocrx_word' id='word_1_99' title='bbox 926 1695 1105 1761; x_wconf 85' lang='lat' dir='ltr'><strong>incircuitu</strong></span> 
     </span>
     <span class='ocr_line' id='line_1_15' title="bbox 49 1795 1176 1879; baseline 0.004 -23"><span class='ocrx_word' id='word_1_100' title='bbox 49 1795 256 1876; x_wconf 82' lang='lat' dir='ltr'><strong>perfecerunt.</strong></span> <span class='ocrx_word' id='word_1_101' title='bbox 295 1796 462 1859; x_wconf 50' lang='lat' dir='ltr'><strong>*Praeterea</strong></span> <span class='ocrx_word' id='word_1_102' title='bbox 490 1805 612 1859; x_wconf 87' lang='lat' dir='ltr'><strong>eentum</strong></span> <span class='ocrx_word' id='word_1_103' title='bbox 640 1798 751 1879; x_wconf 88' lang='lat' dir='ltr'><strong>viginti</strong></span> <span class='ocrx_word' id='word_1_104' title='bbox 778 1803 879 1858; x_wconf 84' lang='lat' dir='ltr'><strong>turres</strong></span> <span class='ocrx_word' id='word_1_105' title='bbox 906 1796 1003 1859; x_wconf 88' lang='lat' dir='ltr'><strong>mirae</strong></span> <span class='ocrx_word' id='word_1_106' title='bbox 1028 1798 1104 1861; x_wconf 79' lang='lat' dir='ltr'><strong>alti·</strong></span> <span class='ocrx_word' id='word_1_107' title='bbox 1174 1809 1176 1813; x_wconf 82' lang='grc'><strong>“</strong></span> 
     </span>
     <span class='ocr_line' id='line_1_16' title="bbox 49 1895 1106 1979; baseline 0.004 -23"><span class='ocrx_word' id='word_1_108' title='bbox 49 1896 164 1957; x_wconf 85' lang='lat' dir='ltr'><strong>tudinis</strong></span> <span class='ocrx_word' id='word_1_109' title='bbox 187 1903 414 1960; x_wconf 86' lang='lat' dir='ltr'><strong>exstruxerunt.</strong></span> <span class='ocrx_word' id='word_1_110' title='bbox 458 1896 587 1959; x_wconf 88' lang='lat' dir='ltr'><strong>Etcum</strong></span> <span class='ocrx_word' id='word_1_111' title='bbox 605 1899 669 1979; x_wconf 87' lang='lat' dir='ltr'><strong>jam</strong></span> <span class='ocrx_word' id='word_1_112' title='bbox 691 1902 813 1977; x_wconf 82' lang='lat' dir='ltr'><strong>‘septem</strong></span> <span class='ocrx_word' id='word_1_113' title='bbox 841 1895 908 1958; x_wconf 86' lang='lat' dir='ltr'><strong>dies</strong></span> <span class='ocrx_word' id='word_1_114' title='bbox 934 1903 1106 1979; x_wconf 84' lang='lat' dir='ltr'><strong>noctesque</strong></span> 
     </span>
     <span class='ocr_line' id='line_1_17' title="bbox 49 1996 1105 2079; baseline 0.003 -22"><span class='ocrx_word' id='word_1_115' title='bbox 49 1996 189 2058; x_wconf 89' lang='lat' dir='ltr'><strong>succidui</strong></span> <span class='ocrx_word' id='word_1_116' title='bbox 211 1996 343 2058; x_wconf 90' lang='lat' dir='ltr'><strong>hostium</strong></span> <span class='ocrx_word' id='word_1_117' title='bbox 366 2000 458 2060; x_wconf 89' lang='lat' dir='ltr'><strong>cunei</strong></span> <span class='ocrx_word' id='word_1_118' title='bbox 480 2004 663 2079; x_wconf 89' lang='lat' dir='ltr'><strong>pugnarent,</strong></span> <span class='ocrx_word' id='word_1_119' title='bbox 685 2016 723 2059; x_wconf 90' lang='lat' dir='ltr'><strong>ac</strong></span> <span class='ocrx_word' id='word_1_120' title='bbox 745 2003 855 2060; x_wconf 86' lang='lat' dir='ltr'><strong>ventus</strong></span> <span class='ocrx_word' id='word_1_121' title='bbox 877 1996 981 2059; x_wconf 86' lang='lat' dir='ltr'><strong>subito</strong></span> <span class='ocrx_word' id='word_1_122' title='bbox 1001 1997 1105 2078; x_wconf 91' lang='lat' dir='ltr'><strong>pluri-</strong></span> 
     </span>
     <span class='ocr_line' id='line_1_18' title="bbox 50 2096 1105 2178; baseline 0.002 -21"><span class='ocrx_word' id='word_1_123' title='bbox 50 2114 117 2158; x_wconf 92' lang='lat' dir='ltr'><strong>mus</strong></span> <span class='ocrx_word' id='word_1_124' title='bbox 141 2104 265 2159; x_wconf 88' lang='lat' dir='ltr'><strong>exortus</strong></span> <span class='ocrx_word' id='word_1_125' title='bbox 288 2105 380 2176; x_wconf 88' lang='lat' dir='ltr'><strong>esset,</strong></span> <span class='ocrx_word' id='word_1_126' title='bbox 403 2105 497 2160; x_wconf 90' lang='lat' dir='ltr'><strong>testas</strong></span> <span class='ocrx_word' id='word_1_127' title='bbox 519 2096 677 2159; x_wconf 80' lang='lat' dir='ltr'><strong>ferventes</strong></span> <span class='ocrx_word' id='word_1_128' title='bbox 698 2099 851 2164; x_wconf 72' lang='lat' dir='ltr'><strong>intorsere</strong></span> <span class='ocrx_word' id='word_1_129' title='bbox 873 2096 988 2178; x_wconf 85' lang='lat' dir='ltr'><strong>lundis,</strong></span> <span class='ocrx_word' id='word_1_130' title='bbox 1012 2096 1105 2159; x_wconf 83' lang='lat' dir='ltr'><strong>llam-</strong></span> 
     </span>
     <span class='ocr_line' id='line_1_19' title="bbox 51 2196 1107 2279; baseline -0.001 -22"><span class='ocrx_word' id='word_1_131' title='bbox 51 2203 193 2275; x_wconf 90' lang='lat' dir='ltr'><strong>mataque</strong></span> <span class='ocrx_word' id='word_1_132' title='bbox 216 2196 294 2259; x_wconf 90' lang='lat' dir='ltr'><strong>locis</strong></span> <span class='ocrx_word' id='word_1_133' title='bbox 316 2197 388 2274; x_wconf 84' lang='lat' dir='ltr'><strong>tela,</strong></span> <span class='ocrx_word' id='word_1_134' title='bbox 411 2216 447 2259; x_wconf 93' lang='lat' dir='ltr'><strong>ao</strong></span> <span class='ocrx_word' id='word_1_135' title='bbox 469 2216 541 2259; x_wconf 84' lang='lat' dir='ltr'><strong>mox</strong></span> <span class='ocrx_word' id='word_1_136' title='bbox 563 2205 713 2277; x_wconf 89' lang='lat' dir='ltr'><strong>concepto</strong></span> <span class='ocrx_word' id='word_1_137' title='bbox 735 2200 809 2279; x_wconf 89' lang='lat' dir='ltr'><strong>igne</strong></span> <span class='ocrx_word' id='word_1_138' title='bbox 830 2196 997 2272; x_wconf 84' lang='lat' dir='ltr'><strong>rutilantia,</strong></span> <span class='ocrx_word' id='word_1_139' title='bbox 1026 2198 1107 2257; x_wconf 74' lang='lat' dir='ltr'><strong>intro</strong></span> 
     </span>
     <span class='ocr_line' id='line_1_20' title="bbox 51 2295 1106 2377; baseline -0.001 -20"><span class='ocrx_word' id='word_1_140' title='bbox 51 2303 151 2357; x_wconf 90' lang='lat' dir='ltr'><strong>castra</strong></span> <span class='ocrx_word' id='word_1_141' title='bbox 169 2298 323 2377; x_wconf 87' lang='lat' dir='ltr'><strong>jecerant.</strong></span> <span class='ocrx_word' id='word_1_142' title='bbox 358 2297 426 2369; x_wconf 83' lang='lat' dir='ltr'><strong>Quo</strong></span> <span class='ocrx_word' id='word_1_143' title='bbox 448 2296 529 2360; x_wconf 87' lang='lat' dir='ltr'><strong>lacto</strong></span> <span class='ocrx_word' id='word_1_144' title='bbox 552 2295 608 2377; x_wconf 91' lang='lat' dir='ltr'><strong>per</strong></span> <span class='ocrx_word' id='word_1_145' title='bbox 629 2297 763 2358; x_wconf 91' lang='lat' dir='ltr'><strong>culmina</strong></span> <span class='ocrx_word' id='word_1_146' title='bbox 784 2296 893 2374; x_wconf 89' lang='lat' dir='ltr'><strong>raptim</strong></span> <span class='ocrx_word' id='word_1_147' title='bbox 916 2301 1030 2358; x_wconf 84' lang='lat' dir='ltr'><strong>ventus</strong></span> <span class='ocrx_word' id='word_1_148' title='bbox 1051 2296 1106 2356; x_wconf 89' lang='lat' dir='ltr'><strong>in-</strong></span> 
     </span>
     <span class='ocr_line' id='line_1_21' title="bbox 50 2394 1106 2481; baseline -0.002 -24"><span class='ocrx_word' id='word_1_149' title='bbox 50 2398 163 2458; x_wconf 86' lang='lat' dir='ltr'><strong>sistens</strong></span> <span class='ocrx_word' id='word_1_150' title='bbox 194 2414 332 2481; x_wconf 77' lang='lat' dir='ltr'><strong>spersum</strong></span> <span class='ocrx_word' id='word_1_151' title='bbox 361 2398 507 2457; x_wconf 90' lang='lat' dir='ltr'><strong>animavit</strong></span> <span class='ocrx_word' id='word_1_152' title='bbox 534 2396 722 2456; x_wconf 86' lang='lat' dir='ltr'><strong>incendium.</strong></span> <span class='ocrx_word' id='word_1_153' title='bbox 768 2395 830 2457; x_wconf 85' lang='lat' dir='ltr'><strong>Sed</strong></span> <span class='ocrx_word' id='word_1_154' title='bbox 851 2412 892 2454; x_wconf 90' lang='lat' dir='ltr'><strong>ne</strong></span> <span class='ocrx_word' id='word_1_155' title='bbox 913 2394 960 2473; x_wconf 85' lang='lat' dir='ltr'><strong>sio</strong></span> <span class='ocrx_word' id='word_1_156' title='bbox 982 2394 1106 2472; x_wconf 88' lang='lat' dir='ltr'><strong>quidem</strong></span> 
     </span>
     <span class='ocr_line' id='line_1_22' title="bbox 50 2490 1107 2572; baseline -0.004 -15"><span class='ocrx_word' id='word_1_157' title='bbox 50 2496 197 2572; x_wconf 87' lang='lat' dir='ltr'><strong>Romani,</strong></span> <span class='ocrx_word' id='word_1_158' title='bbox 225 2512 295 2557; x_wconf 91' lang='lat' dir='ltr'><strong>cum</strong></span> <span class='ocrx_word' id='word_1_159' title='bbox 317 2493 455 2572; x_wconf 90' lang='lat' dir='ltr'><strong>undique</strong></span> <span class='ocrx_word' id='word_1_160' title='bbox 482 2494 690 2553; x_wconf 88' lang='lat' dir='ltr'><strong>obruerentur</strong></span> <span class='ocrx_word' id='word_1_161' title='bbox 714 2492 912 2566; x_wconf 82' lang='lat' dir='ltr'><strong>vulneribus,</strong></span> <span class='ocrx_word' id='word_1_162' title='bbox 940 2490 1107 2569; x_wconf 88' lang='lat' dir='ltr'><strong>laboribus,</strong></span> 
     </span>
     <span class='ocr_line' id='line_1_23' title="bbox 50 2588 1108 2681; baseline -0.005 -24"><span class='ocrx_word' id='word_1_163' title='bbox 50 2595 183 2677; x_wconf 83' lang='lat' dir='ltr'><strong>vigiliis,</strong></span> <span class='ocrx_word' id='word_1_164' title='bbox 208 2593 336 2675; x_wconf 90' lang='lat' dir='ltr'><strong>jejuniis</strong></span> <span class='ocrx_word' id='word_1_165' title='bbox 362 2592 593 2681; x_wconf 85' lang='lat' dir='ltr'><strong>incendiisque,</strong></span> <span class='ocrx_word' id='word_1_166' title='bbox 615 2598 785 2653; x_wconf 88' lang='lat' dir='ltr'><strong>cesserunt.</strong></span> <span class='ocrx_word' id='word_1_167' title='bbox 829 2588 961 2651; x_wconf 84' lang='lat' dir='ltr'><strong>Tandem</strong></span> <span class='ocrx_word' id='word_1_168' title='bbox 985 2589 1108 2668; x_wconf 82' lang='lat' dir='ltr'><strong>Caesari</strong></span> 
     </span>
     <span class='ocr_line' id='line_1_24' title="bbox 51 2689 1108 2772; baseline -0.005 -16"><span class='ocrx_word' id='word_1_169' title='bbox 51 2696 227 2757; x_wconf 89' lang='lat' dir='ltr'><strong>nuntiatum</strong></span> <span class='ocrx_word' id='word_1_170' title='bbox 255 2698 318 2769; x_wconf 88' lang='lat' dir='ltr'><strong>est,</strong></span> <span class='ocrx_word' id='word_1_171' title='bbox 346 2708 438 2753; x_wconf 91' lang='lat' dir='ltr'><strong>unam</strong></span> <span class='ocrx_word' id='word_1_172' title='bbox 460 2691 591 2753; x_wconf 91' lang='lat' dir='ltr'><strong>deletam</strong></span> <span class='ocrx_word' id='word_1_173' title='bbox 615 2707 685 2753; x_wconf 89' lang='lat' dir='ltr'><strong>esse</strong></span> <span class='ocrx_word' id='word_1_174' title='bbox 707 2691 877 2772; x_wconf 85' lang='lat' dir='ltr'><strong>legionem,</strong></span> <span class='ocrx_word' id='word_1_175' title='bbox 899 2689 1026 2751; x_wconf 90' lang='lat' dir='ltr'><strong>alteram</strong></span> <span class='ocrx_word' id='word_1_176' title='bbox 1043 2691 1108 2771; x_wconf 88' lang='lat' dir='ltr'><strong>jam</strong></span> 
     </span>
     <span class='ocr_line' id='line_1_25' title="bbox 52 2787 1109 2874; baseline -0.006 -17"><span class='ocrx_word' id='word_1_177' title='bbox 52 2812 152 2874; x_wconf 80' lang='lat' dir='ltr'><strong>paene</strong></span> <span class='ocrx_word' id='word_1_178' title='bbox 175 2791 356 2855; x_wconf 86' lang='lat' dir='ltr'><strong>conlectam.</strong></span> <span class='ocrx_word' id='word_1_179' title='bbox 390 2791 586 2855; x_wconf 84' lang='lat' dir='ltr'><strong>Adventante</strong></span> <span class='ocrx_word' id='word_1_180' title='bbox 608 2806 678 2854; x_wconf 90' lang='lat' dir='ltr'><strong>oum</strong></span> <span class='ocrx_word' id='word_1_181' title='bbox 701 2789 820 2852; x_wconf 90' lang='lat' dir='ltr'><strong>duabus</strong></span> <span class='ocrx_word' id='word_1_182' title='bbox 834 2787 1009 2870; x_wconf 85' lang='lat' dir='ltr'><strong>legionibus</strong></span> <span class='ocrx_word' id='word_1_183' title='bbox 1024 2790 1109 2851; x_wconf 84' lang='lat' dir='ltr'><strong>Cae-</strong></span> 
     </span>
     <span class='ocr_line' id='line_1_26' title="bbox 53 2890 1129 2974; baseline -0.004 -18"><span class='ocrx_word' id='word_1_184' title='bbox 53 2911 138 2971; x_wconf 87' lang='lat' dir='ltr'><strong>sare,</strong></span> <span class='ocrx_word' id='word_1_185' title='bbox 173 2895 319 2955; x_wconf 87' lang='lat' dir='ltr'><strong>deserunt</strong></span> <span class='ocrx_word' id='word_1_186' title='bbox 349 2890 453 2956; x_wconf 86' lang='lat' dir='ltr'><strong>hostes</strong></span> <span class='ocrx_word' id='word_1_187' title='bbox 482 2894 691 2970; x_wconf 86' lang='lat' dir='ltr'><strong>obsidionem,</strong></span> <span class='ocrx_word' id='word_1_188' title='bbox 723 2897 818 2971; x_wconf 87' lang='lat' dir='ltr'><strong>atque</strong></span> <span class='ocrx_word' id='word_1_189' title='bbox 845 2891 877 2951; x_wconf 90' lang='lat' dir='ltr'><strong>in</strong></span> <span class='ocrx_word' id='word_1_190' title='bbox 905 2904 975 2950; x_wconf 89' lang='lat' dir='ltr'><strong>enm</strong></span> <span class='ocrx_word' id='word_1_191' title='bbox 1005 2891 1129 2974; x_wconf 77' lang='lat' dir='ltr'><strong>cuncti¹</strong></span> 
     </span>
     <span class='ocr_line' id='line_1_27' title="bbox 54 2989 1111 3075; baseline -0.003 -19"><span class='ocrx_word' id='word_1_192' title='bbox 54 2995 149 3075; x_wconf 88' lang='lat' dir='ltr'><strong>raptis</strong></span> <span class='ocrx_word' id='word_1_193' title='bbox 172 2995 267 3073; x_wconf 90' lang='lat' dir='ltr'><strong>copiis</strong></span> <span class='ocrx_word' id='word_1_194' title='bbox 289 3001 391 3055; x_wconf 89' lang='lat' dir='ltr'><strong>ruunt.</strong></span> <span class='ocrx_word' id='word_1_195' title='bbox 437 2992 548 3055; x_wconf 88' lang='lat' dir='ltr'><strong>Caesar</strong></span> <span class='ocrx_word' id='word_1_196' title='bbox 569 2992 757 3075; x_wconf 82' lang='lat' dir='ltr'><strong>parvissimis</strong></span> <span class='ocrx_word' id='word_1_197' title='bbox 777 3007 813 3053; x_wconf 90' lang='lat' dir='ltr'><strong>se</strong></span> <span class='ocrx_word' id='word_1_198' title='bbox 835 2989 943 3052; x_wconf 85' lang='lat' dir='ltr'><strong>castris</strong></span> <span class='ocrx_word' id='word_1_199' title='bbox 968 2990 1111 3053; x_wconf 88' lang='lat' dir='ltr'><strong>consulto</strong></span> 
     </span>
     <span class='ocr_line' id='line_1_28' title="bbox 55 3088 1109 3173; baseline -0.005 -16"><span class='ocrx_word' id='word_1_200' title='bbox 55 3094 202 3171; x_wconf 92' lang='lat' dir='ltr'><strong>condidit,</strong></span> <span class='ocrx_word' id='word_1_201' title='bbox 229 3094 447 3173; x_wconf 85' lang='lat' dir='ltr'><strong>equitibusque</strong></span> <span class='ocrx_word' id='word_1_202' title='bbox 469 3094 654 3173; x_wconf 86' lang='lat' dir='ltr'><strong>praemissis,</strong></span> <span class='ocrx_word' id='word_1_203' title='bbox 677 3099 712 3152; x_wconf 93' lang='lat' dir='ltr'><strong>ut</strong></span> <span class='ocrx_word' id='word_1_204' title='bbox 733 3090 836 3170; x_wconf 90' lang='lat' dir='ltr'><strong>lugam</strong></span> <span class='ocrx_word' id='word_1_205' title='bbox 858 3088 1022 3169; x_wconf 86' lang='lat' dir='ltr'><strong>lingerent,</strong></span> <span class='ocrx_word' id='word_1_206' title='bbox 1043 3092 1109 3152; x_wconf 88' lang='lat' dir='ltr'><strong>im-</strong></span> 
     </span>
     <span class='ocr_line' id='line_1_29' title="bbox 56 3188 1111 3280; baseline -0.009 -22"><span class='ocrx_word' id='word_1_207' title='bbox 56 3196 192 3280; x_wconf 87' lang='lat' dir='ltr'><strong>peravit,</strong></span> <span class='ocrx_word' id='word_1_208' title='bbox 214 3201 250 3256; x_wconf 89' lang='lat' dir='ltr'><strong>ut</strong></span> <span class='ocrx_word' id='word_1_209' title='bbox 271 3193 309 3255; x_wconf 92' lang='lat' dir='ltr'><strong>ad</strong></span> <span class='ocrx_word' id='word_1_210' title='bbox 335 3192 495 3254; x_wconf 89' lang='lat' dir='ltr'><strong>transitum</strong></span> <span class='ocrx_word' id='word_1_211' title='bbox 523 3192 629 3268; x_wconf 83' lang='lat' dir='ltr'><strong>vallis,</strong></span> <span class='ocrx_word' id='word_1_212' title='bbox 658 3206 739 3271; x_wconf 88' lang='lat' dir='ltr'><strong>quae</strong></span> <span class='ocrx_word' id='word_1_213' title='bbox 765 3188 866 3249; x_wconf 89' lang='lat' dir='ltr'><strong>media</strong></span> <span class='ocrx_word' id='word_1_214' title='bbox 892 3194 959 3247; x_wconf 89' lang='lat' dir='ltr'><strong>erat</strong></span> <span class='ocrx_word' id='word_1_215' title='bbox 986 3188 1111 3267; x_wconf 86' lang='lat' dir='ltr'><strong>sibique</strong></span> 
     </span>
     <span class='ocr_line' id='line_1_30' title="bbox 58 3286 1159 3375; baseline -0.008 -17"><span class='ocrx_word' id='word_1_216' title='bbox 58 3296 231 3375; x_wconf 88' lang='lat' dir='ltr'><strong>periculosa</strong></span> <span class='ocrx_word' id='word_1_217' title='bbox 252 3290 430 3372; x_wconf 82' lang='lat' dir='ltr'><strong>videbatur,</strong></span> <span class='ocrx_word' id='word_1_218' title='bbox 452 3292 556 3354; x_wconf 90' lang='lat' dir='ltr'><strong>bostes</strong></span> <span class='ocrx_word' id='word_1_219' title='bbox 577 3296 736 3353; x_wconf 90' lang='lat' dir='ltr'><strong>contemtu</strong></span> <span class='ocrx_word' id='word_1_220' title='bbox 756 3288 807 3350; x_wconf 88' lang='lat' dir='ltr'><strong>sui</strong></span> <span class='ocrx_word' id='word_1_221' title='bbox 828 3286 1004 3358; x_wconf 59' lang='lat' dir='ltr'><strong>invitaret.x</strong></span> <span class='ocrx_word' id='word_1_222' title='bbox 1027 3287 1110 3359; x_wconf 80' lang='lat' dir='ltr'><strong>Qui·-</strong></span> <span class='ocrx_word' id='word_1_223' title='bbox 1156 3358 1159 3364; x_wconf 49' lang='grc'><em>,</em></span> 
     </span>
    </p>

    <p class='ocr_par' dir='ltr' id='par_1_6' title="bbox 57 3386 1193 3973">
     <span class='ocr_line' id='line_1_31' title="bbox 57 3386 1193 3471; baseline -0.006 -16"><span class='ocrx_word' id='word_1_224' title='bbox 57 3396 116 3457; x_wconf 89' lang='lat' dir='ltr'><strong>bus</strong></span> <span class='ocrx_word' id='word_1_225' title='bbox 142 3394 377 3457; x_wconf 76' lang='lat' dir='ltr'><strong>adventantibus</strong></span> <span class='ocrx_word' id='word_1_226' title='bbox 405 3394 532 3471; x_wconf 89' lang='lat' dir='ltr'><strong>insuper</strong></span> <span class='ocrx_word' id='word_1_227' title='bbox 557 3390 677 3453; x_wconf 82' lang='lat' dir='ltr'><strong>obstrui</strong></span> <span class='ocrx_word' id='word_1_228' title='bbox 702 3394 805 3468; x_wconf 88' lang='lat' dir='ltr'><strong>portas</strong></span> <span class='ocrx_word' id='word_1_229' title='bbox 833 3386 996 3466; x_wconf 83' lang='lat' dir='ltr'><strong>praecepit.</strong></span> <span class='ocrx_word' id='word_1_230' title='bbox 1041 3388 1111 3461; x_wconf 84' lang='lat' dir='ltr'><strong>Quo</strong></span> <span class='ocrx_word' id='word_1_231' title='bbox 1190 3398 1193 3400; x_wconf 73' lang='grc'><strong>’</strong></span> 
     </span>
     <span class='ocr_line' id='line_1_32' title="bbox 58 3486 1112 3573; baseline -0.008 -17"><span class='ocrx_word' id='word_1_232' title='bbox 58 3492 125 3557; x_wconf 82' lang='lat' dir='ltr'><strong>viso</strong></span> <span class='ocrx_word' id='word_1_233' title='bbox 142 3493 229 3572; x_wconf 85' lang='lat' dir='ltr'><strong>Galli,</strong></span> <span class='ocrx_word' id='word_1_234' title='bbox 253 3496 339 3573; x_wconf 86' lang='lat' dir='ltr'><strong>quasi</strong></span> <span class='ocrx_word' id='word_1_235' title='bbox 356 3495 419 3573; x_wconf 82' lang='lat' dir='ltr'><strong>jum</strong></span> <span class='ocrx_word' id='word_1_236' title='bbox 442 3492 600 3571; x_wconf 80' lang='lat' dir='ltr'><strong>visissent,</strong></span> <span class='ocrx_word' id='word_1_237' title='bbox 621 3488 660 3551; x_wconf 91' lang='lat' dir='ltr'><strong>ad</strong></span> <span class='ocrx_word' id='word_1_238' title='bbox 682 3486 897 3551; x_wconf 88' lang='lat' dir='ltr'><strong>obducendum</strong></span> <span class='ocrx_word' id='word_1_239' title='bbox 917 3487 1112 3550; x_wconf 83' lang='lat' dir='ltr'><strong>extrinsecus</strong></span> 
     </span>
     <span class='ocr_line' id='line_1_33' title="bbox 59 3580 1110 3669; baseline -0.01 -12"><span class='ocrx_word' id='word_1_240' title='bbox 59 3595 178 3657; x_wconf 79' lang='lat' dir='ltr'><strong>vallum</strong></span> <span class='ocrx_word' id='word_1_241' title='bbox 205 3594 347 3656; x_wconf 87' lang='lat' dir='ltr'><strong>conversi</strong></span> <span class='ocrx_word' id='word_1_242' title='bbox 380 3598 459 3655; x_wconf 89' lang='lat' dir='ltr'><strong>sunt.</strong></span> <span class='ocrx_word' id='word_1_243' title='bbox 504 3590 615 3653; x_wconf 78' lang='lat' dir='ltr'><strong>Caesar</strong></span> <span class='ocrx_word' id='word_1_244' title='bbox 642 3590 715 3652; x_wconf 89' lang='lat' dir='ltr'><strong>totis</strong></span> <span class='ocrx_word' id='word_1_245' title='bbox 740 3593 870 3669; x_wconf 90' lang='lat' dir='ltr'><strong>repente</strong></span> <span class='ocrx_word' id='word_1_246' title='bbox 895 3587 992 3665; x_wconf 84' lang='lat' dir='ltr'><strong>portis</strong></span> <span class='ocrx_word' id='word_1_247' title='bbox 1018 3580 1110 3657; x_wconf 76' lang='lat'>[399]</span> 
     </span>
     <span class='ocr_line' id='line_1_34' title="bbox 61 3683 1112 3774; baseline -0.016 -16"><span class='ocrx_word' id='word_1_248' title='bbox 61 3696 200 3774; x_wconf 81' lang='lat' dir='ltr'><strong>paratam·</strong></span> <span class='ocrx_word' id='word_1_249' title='bbox 219 3692 328 3755; x_wconf 78' lang='lat' dir='ltr'><strong>elladii</strong></span> <span class='ocrx_word' id='word_1_250' title='bbox 350 3692 531 3767; x_wconf 86' lang='lat' dir='ltr'><strong>exercitum,</strong></span> <span class='ocrx_word' id='word_1_251' title='bbox 555 3704 724 3771; x_wconf 84' lang='lat' dir='ltr'><strong>versosque</strong></span> <span class='ocrx_word' id='word_1_252' title='bbox 747 3690 779 3751; x_wconf 89' lang='lat' dir='ltr'><strong>ln</strong></span> <span class='ocrx_word' id='word_1_253' title='bbox 800 3686 904 3768; x_wconf 86' lang='lat' dir='ltr'><strong>lugam</strong></span> <span class='ocrx_word' id='word_1_254' title='bbox 926 3683 1029 3746; x_wconf 84' lang='lat' dir='ltr'><strong>Gallos</strong></span> <span class='ocrx_word' id='word_1_255' title='bbox 1049 3698 1112 3742; x_wconf 81' lang='lat' dir='ltr'><strong>aa·</strong></span> 
     </span>
     <span class='ocr_line' id='line_1_35' title="bbox 61 3778 1112 3873; baseline -0.013 -16"><span class='ocrx_word' id='word_1_256' title='bbox 61 3795 191 3857; x_wconf 89' lang='lat' dir='ltr'><strong>stissima</strong></span> <span class='ocrx_word' id='word_1_257' title='bbox 220 3794 314 3857; x_wconf 89' lang='lat' dir='ltr'><strong>caede</strong></span> <span class='ocrx_word' id='word_1_258' title='bbox 337 3792 480 3855; x_wconf 83' lang='lat' dir='ltr'><strong>confecit.</strong></span> <span class='ocrx_word' id='word_1_259' title='bbox 524 3790 598 3853; x_wconf 86' lang='lat' dir='ltr'><strong>Nam</strong></span> <span class='ocrx_word' id='word_1_260' title='bbox 621 3791 782 3873; x_wconf 80' lang='lat' dir='ltr'><strong>sexaginta</strong></span> <span class='ocrx_word' id='word_1_261' title='bbox 804 3785 898 3847; x_wconf 88' lang='lat' dir='ltr'><strong>millia</strong></span> <span class='ocrx_word' id='word_1_262' title='bbox 919 3790 993 3844; x_wconf 88' lang='lat' dir='ltr'><strong>tnnc</strong></span> <span class='ocrx_word' id='word_1_263' title='bbox 1014 3778 1112 3843; x_wconf 85' lang='lat' dir='ltr'><strong>luisse</strong></span> 
     </span>
     <span class='ocr_line' id='line_1_36' title="bbox 61 3882 1112 3973; baseline -0.012 -19"><span class='ocrx_word' id='word_1_264' title='bbox 61 3892 254 3971; x_wconf 82' lang='lat' dir='ltr'><strong>resonantur,</strong></span> <span class='ocrx_word' id='word_1_265' title='bbox 278 3892 430 3973; x_wconf 85' lang='lat' dir='ltr'><strong>equibus</strong></span> <span class='ocrx_word' id='word_1_266' title='bbox 458 3893 547 3971; x_wconf 89' lang='lat' dir='ltr'><strong>pauci</strong></span> <span class='ocrx_word' id='word_1_267' title='bbox 576 3908 631 3969; x_wconf 88' lang='lat' dir='ltr'><strong>per</strong></span> <span class='ocrx_word' id='word_1_268' title='bbox 657 3888 786 3969; x_wconf 87' lang='lat' dir='ltr'><strong>paludes</strong></span> <span class='ocrx_word' id='word_1_269' title='bbox 812 3882 912 3945; x_wconf 80' lang='lat' dir='ltr'><strong>invias</strong></span> <span class='ocrx_word' id='word_1_270' title='bbox 939 3887 1112 3950; x_wconf 83' lang='lat' dir='ltr'><strong>evaserunt</strong></span> 
     </span>
    </p>
   </div>
   <div class='ocr_carea' id='block_1_6' title="bbox 63 3979 1114 4142">
    <p class='ocr_par' dir='ltr' id='par_1_7' title="bbox 63 3979 1114 4142">
     <span class='ocr_line' id='line_1_37' title="bbox 63 3979 1114 4071; baseline -0.01 -18"><span class='ocrx_word' id='word_1_271' title='bbox 63 3993 296 4071; x_wconf 85' lang='lat' dir='ltr'><strong>indutiomarus,</strong></span> <span class='ocrx_word' id='word_1_272' title='bbox 308 3992 502 4054; x_wconf 86' lang='lat' dir='ltr'><strong>&#39;lravirorum</strong></span> <span class='ocrx_word' id='word_1_273' title='bbox 514 3989 668 4068; x_wconf 84' lang='lat' dir='ltr'><strong>princeps,</strong></span> <span class='ocrx_word' id='word_1_274' title='bbox 679 4000 804 4067; x_wconf 87' lang='lat' dir='ltr'><strong>magnas</strong></span> <span class='ocrx_word' id='word_1_275' title='bbox 815 3984 999 4045; x_wconf 80' lang='lat' dir='ltr'><strong>armatorum</strong></span> <span class='ocrx_word' id='word_1_276' title='bbox 1009 3979 1114 4060; x_wconf 73' lang='lat' dir='ltr'><strong>copias</strong></span> 
     </span>
     <span class='ocr_line' id='line_1_38' title="bbox 928 4095 959 4142; baseline -0.032 0"><span class='ocrx_word' id='word_1_277' title='bbox 928 4095 959 4142; x_wconf 84' lang='lat'><strong>15</strong></span> 
     </span>
    </p>
   </div>
   <div class='ocr_carea' id='block_1_7' title="bbox 0 0 1334 4434">
    <p class='ocr_par' dir='ltr' id='par_1_8' title="bbox 0 0 1334 4434">
     <span class='ocr_line' id='line_1_39' title="bbox 0 0 1334 4434; baseline 0 0"><span class='ocrx_word' id='word_1_278' title='bbox 0 0 1334 4434; x_wconf 95' lang='lat' dir='ltr'><strong> </strong></span> 
     </span>
    </p>
   </div>
  </div>
 </body>
</html>
