2634 4434
544 313 615 382 137

474 411 681 424 Ἥ

55 563 145 627 aeger
167 552 251 625 arat,
277 543 423 612 violentia
452 547 576 631 frigoris
597 548 772 633 vigiliarum
795 565 831 610 ao
852 547 980 630 laboris,
1003 553 1107 616 amisit

54 645 109 708 Ubi
130 665 208 710 vero
228 647 387 728 proximus
401 649 509 712 eastris
522 649 663 714 Flaminii
685 639 821 712 consulis
843 647 911 729 luit,
933 654 1104 716 vastatione

53 747 337 827 circumjacentium
365 749 503 813 locorum
532 748 715 813 Flaminium
746 749 780 812 in
805 747 922 811 bollum
948 753 1102 816 excitauit.

51 844 132 908 Haeo
153 862 254 930 pugna
275 845 315 910 ad
328 845 539 914 'imsimonum
561 851 661 914 laeum
683 849 764 914 iacta
786 855 849 912 ost:
871 850 925 914 ulai
948 852 1106 914 exereitus

49 943 202 1010 Romanus
223 947 436 1027 infelicissime
456 960 524 1016 arta
544 954 773 1018 circumventus
789 949 950 1016 Annibalis
964 951 1106 1016 funditus

49 1047 218 1111 tmeidatus
237 1056 301 1113 est:
324 1053 528 1133 ipsequoque
550 1053 659 1114 consul
681 1052 813 1130 oaoisus,
835 1048 1104 1134 vigintiquinque

49 1145 142 1209 millia
167 1148 373 1214 Romanorum
399 1151 433 1213 iu
461 1169 500 1214 eo
527 1152 644 1233 praelio
671 1167 777 1230 caesar,
810 1167 866 1214 sax
893 1153 988 1216 millia
1016 1159 1103 1234 capta

47 1244 232 1313 reieruutur.
275 1251 324 1314 De
344 1253 486 1316 onereitu
507 1269 584 1316 uero
609 1251 773 1315 Annibalis
800 1251 862 1316 duo
891 1251 985 1314 millia
1012 1254 1101 1316 ceei-

50 1345 170 1412 terunt.
212 1350 373 1417 Famosum
406 1352 465 1416 hoo
491 1353 531 1416 ad
556 1353 790 1417 Transimenum
817 1352 917 1416 lacum
946 1361 1103 1416 certamen

46 1443 103 1510 luit
125 1455 212 1512 tanta
233 1451 321 1516 olade
335 1453 481 1532 Romana,
497 1454 629 1516 maxima
651 1470 722 1516 eum
744 1453 787 1516 ita
802 1451 940 1516 intentus
953 1469 1101 1538 pugnan-

45 1548 123 1609 tium
146 1549 237 1612 ardor
263 1554 426 1630 exstiterit,
453 1559 489 1614 ut
514 1553 732 1634 grauissimum
758 1559 859 1622 tortae
892 1561 1024 1632 motum,
1047 1555 1101 1635 qui

45 1654 119 1709 tune
134 1645 218 1710 lorte
239 1656 300 1712 tam
312 1651 481 1713 vehemens
495 1649 595 1712 laetus
616 1657 675 1728 est,
691 1657 726 1711 ut
740 1652 835 1714 urbes
849 1653 992 1730 diruisse,
1007 1671 1101 1714 mon·

45 1753 91 1809 tes
106 1739 311 1829 transtulisse,
334 1750 496 1814 discidisse
516 1764 614 1830 rupes
633 1756 665 1812 et
686 1749 811 1812 ilumina
833 1758 1001 1814 retrorsum
1022 1756 1100 1814 aoe-

45 1847 129 1928 gisse
149 1847 321 1928 referatur,
343 1857 520 1932 pugnantes
541 1848 667 1912 omnino
689 1866 752 1912 non
774 1851 940 1914 senserint.
981 1851 1100 1918 Factam

46 1947 82 2009 ad
102 1942 317 2014 Trasimenum
335 1952 468 2031 ruinam,
489 1953 632 2033 sequitur
650 1967 754 2034 pugna
778 1950 958 2030 cannensis,
987 1968 1100 2034 quam·-

46 2047 92 2108 ais
116 2048 204 2112 Fabii
235 2050 359 2114 Auximi
391 2051 554 2115 dictatoris
582 2059 703 2131 tamum
736 2052 871 2116 medium
904 2049 1013 2133 luerit,
1047 2054 1100 2134 qui

47 2146 191 2228 impetum
213 2151 378 2216 Annibalis
397 2153 573 2216 eunotando
593 2151 732 2215 undavit.

389 2439 577 2575 lauat
631 2436 753 2544 xtt.
1009 2469 1101 2549 aaa}

46 2671 100 2740 De
121 2675 321 2744 miserando
334 2673 570 2743 Romanorum
592 2675 689 2741 chade
708 2675 756 2741 ud
769 2669 927 2773 Gonnos,
951 2671 995 2738 do
1015 2693 1101 2742 eou-

47 2775 120 2843 sila‘o
135 2778 350 2862 relinquenda·
363 2775 521 2861 Rullum,-
539 2776 708 2862 quomodo
722 2773 872 2840 Romani
892 2775 1104 2857 suspirarunt
1149 2797 1159 2813 ‘

87 2879 346 2963 exercitumque
360 2880 569 2964 repararunt.
605 2875 692 2944 Item
715 2878 758 2942 de
778 2875 887 2942 eurus
906 2875 1058 2958 praeliis.

128 3064 221 3128 Anno
243 3065 281 3129 ab
304 3065 386 3130 Urlae
415 3067 537 3129 condita
564 3063 651 3127 DXL.
681 3065 713 3128 L.
742 3063 893 3126 Aemilius
919 3063 1046 3126 Paul-lus.
1070 3073 1101 3128 et

49 3164 76 3227 G.
98 3166 262 3229 Terentius
283 3165 380 3230 Vama
402 3167 547 3230 consules
568 3171 675 3227 contra
703 3164 887 3225 Annibalem
916 3164 1017 3240 missi,
1046 3166 1101 3224 in·

47 3267 190 3343 patientta
202 3267 350 3330 Varronis
362 3269 498 3332 consulis
513 3265 725 3329 infelicissime
738 3263 817 3343 apud
829 3263 958 3340 Cannas,
971 3262 1103 3343 Apuliae

47 3367 159 3446 uicum,
181 3385 280 3448 paene
302 3384 409 3432 omnes
422 3369 580 3432 Romanae
599 3365 666 3446 spei
687 3365 770 3427 vires
791 3362 998 3456 perdiderunt.
1025 3363 1100 3428 Nam

48 3465 78 3526 in
99 3486 138 3530 ea
159 3487 261 3550 pugna
284 3471 485 3552 quadraginta
507 3452 643 3549 quatuor
661 3463 757 3527 millia
770 3463 977 3527 Romanorum·
997 3467 1100 3530 inter-

49 3564 125 3630 ieota
147 3576 231 3656 sant,
253 3588 427 3653 quanquam
451 3578 482 3633 et
504 3569 543 3631 de
566 3568 705 3631 exercitu
721 3565 882 3630 Annibalis
901 3585 1010 3648 magna
1031 3583 1101 3647 pars

50 3683 134 3730 caesa
157 3676 219 3731 est:
243 3669 328 3732 nullo
350 3678 452 3734 tamen
474 3671 590 3733 Punico
611 3667 695 3731 tetta
716 3667 845 3730 Romani
871 3667 948 3730 adeo
975 3667 1012 3728 ad
1039 3683 1101 3726 en*

49 3771 141 3830 trema
154 3770 378 3833 internecionis
397 3771 520 3834 adducti
542 3777 620 3833 sunt.
658 3770 751 3832 Periit
774 3767 855 3830 enim
879 3769 910 3828 in
933 3783 971 3827 eo
994 3763 1102 3826 eousnl

49 3865 196 3931 Aemilius
217 3869 356 3948 Paullus,
385 3871 563 3934 consulares
589 3878 643 3933 aut
664 3868 810 3951 praetorii
833 3867 892 3927 viri
914 3865 1024 3946 viginti
1046 3866 1101 3927 in-

50 3967 168 4033 terteeti
196 3977 283 4049 sunt,
312 3977 470 4035 senatores
500 3971 553 4032 vel
580 3970 660 4050 eapti
681 3969 734 4031 vel
755 3967 850 4028 ooaisi
871 3970 942 4027 sunt
965 3965 1101 4048 triginta,
