2634 4434
500 339 704 450 Q
758 377 761 383 r

398 587 595 726 taput
651 585 797 695 lllll.
994 592 1127 700 ‘aaa

70 813 215 880 Recital
231 805 430 890 Cotutopum
453 810 632 894 quemdam
654 811 890 894 mannaan,
913 807 971 892 pua·
993 807 1130 872 taudem

154 927 274 979 ontuea
296 927 403 992 opera
424 906 620 977 Constantii
641 911 773 976 comitis
794 907 894 974 deleti
912 905 1052 991 suerint.

161 1080 252 1143 Anno
281 1081 319 1142 ab
344 1080 426 1141 Urbe
454 1083 576 1143 condita
593 1079 756 1177 xblCLXV,
784 1078 937 1140 Honorius
965 1076 1131 1157 Imperator

73 1183 204 1258 videns,
231 1186 276 1240 tot
298 1180 445 1258 oppositis
466 1182 604 1260 tyrannis
632 1181 708 1242 nibil
730 1177 890 1242 adversum
913 1176 1064 1238 barbaros
1081 1176 1132 1256 agi

74 1299 184 1364 posse,
213 1281 295 1359 ipsos
322 1281 406 1357 prius
433 1287 586 1360 tyrannos·
606 1280 703 1342 deleri
732 1281 826 1360 iubet.
872 1277 1049 1339 Constantio
1072 1293 1130 1338 oo-

75 1383 146 1444 miti
168 1380 259 1458 hujus
281 1378 355 1440 belli
377 1396 493 1447 summa
516 1383 681 1470 commissa
699 1388 754 1444 est.
790 1381 892 1443 Sensit
914 1386 987 1440 tune
1009 1377 1132 1438 demum

74 1480 262 1561 Respublica
291 1485 323 1539 et
352 1497 441 1558 quam
469 1483 630 1544 utilitatem
664 1485 696 1545 in
728 1482 864 1543 Romano
897 1479 1019 1541 tandem
1053 1477 1132 1539 duee

75 1580 248 1661 receperit,
275 1585 308 1639 et
333 1597 424 1657 qnam
453 1588 581 1643 eatenus
607 1583 775 1662 perniciem
805 1581 973 1660 perlonga
995 1587 1133 1656 tempora

76 1680 216 1746 barbaris
249 1680 411 1742 comitibus
444 1682 582 1762 subjecta
615 1681 760 1745 tolerarit.
808 1681 905 1762 Igitur
937 1679 1133 1740 Constantius

77 1798 183 1844 eomes
211 1782 242 1842 in
271 1779 395 1841 Calliam
425 1801 493 1844 oum
524 1783 664 1843 exercitu
696 1781 866 1861 profectus,
901 1779 1133 1841 Constantinum

76 1881 296 1961 imperatorem
329 1883 409 1961 apud
442 1882 598 1967 Arelatem
632 1882 785 1944 civitatem
822 1881 948 1958 elausit,
985 1881 1067 1958 oepit
1102 1883 1134 1939 et

79 1981 200 2043 oceidit.
243 1980 309 2042 Jarn
332 1981 414 2059 bine,
436 1988 471 2043 ut
493 1981 531 2042 de
555 1981 699 2063 Catalogo
722 1991 920 2063 tyrannorum
943 1998 1031 2061 quam
1055 1978 1132 2039 bre-

78 2082 206 2143 vissime
233 2078 358 2158 loquar,
388 2081 584 2142 Constantem
612 2082 802 2144 Constantini
829 2082 940 2158 filium,
969 2080 1134 2143 Gerontius

81 2196 186 2242 comes
208 2196 293 2260 sups,
317 2180 364 2240 vir
386 2196 517 2259 nequam
533 2199 570 2242 ao
585 2181 751 2261 improbus,
773 2182 851 2260 apud
867 2181 1014 2242 Viennam
1032 2181 1133 2240 inter·
1209 2213 1213 2218 -

80 2279 173 2357 feeit,
201 2286 294 2359 atque
322 2280 353 2340 in
381 2282 448 2361 ejus
475 2280 575 2342 locum
598 2280 762 2341 Maximum
786 2281 938 2360 quendam
968 2279 1133 2341 substituit.

79 2380 150 2458 lpse
173 2397 249 2440 vero
270 2378 433 2442 Gerontius
456 2400 473 2443 a
495 2383 559 2443 suis
582 2381 729 2442 militibus
751 2382 871 2442 oeoisus
894 2388 949 2442 est.
986 2378 1135 2441 blaximus

81 2486 210 2541 exsutus
238 2474 386 2556 purpura,
415 2481 641 2562 destitutusque
671 2500 688 2542 a
711 2481 857 2542 militibus
881 2478 1058 2558 Gallicanis,
1082 2481 1136 2559 qui

79 2582 114 2640 in
138 2577 273 2639 Africam
297 2581 431 2658 trajecti,
455 2582 566 2643 deinde
589 2583 621 2643 in
643 2581 758 2643 ltaliam
781 2583 919 2642 revocati
940 2588 1029 2657 sunt,
1053 2599 1135 2642 nuno

17 2759 24 2769 x
79 2680 165 2738 inter
187 2675 332 2737 barbaros
354 2680 385 2738 in
408 2680 550 2758 Hispania
573 2699 669 2762 egens
692 2682 819 2744 exsulat.
864 2680 992 2743 Jorinus
1019 2688 1135 2761 postea,

80 2778 132 2836 vir
155 2773 318 2837 Galliarum
340 2778 564 2858 nobilissimus,
595 2784 627 2843 in
654 2785 845 2864 tyrannidem
869 2800 940 2843 mox
961 2789 997 2843 ut
1022 2782 1134 2843 adsur-

82 2879 180 2951 rexit,
204 2877 324 2938 eeeidit.
371 2879 570 2943 Sebastianus
591 2880 686 2944 lrater
714 2886 850 2966 ejusdem
873 2883 932 2944 hoo
959 2883 1074 2958 solum,
1102 2889 1137 2944 ut

82 2982 231 3054 tyrannus
245 2987 424 3054 moreretur,
441 2982 544 3060 elegit.
581 2983 656 3042 Nam
673 2988 830 3061 continuo,
846 2991 880 3046 ut
895 2991 1026 3061 oreatus,
1050 2977 1136 3066 [582]

82 3076 206 3136 ooeisus
229 3083 284 3136 est.
330 3076 409 3148 Quid
432 3077 471 3138 de
494 3077 706 3141 infelicissimo
728 3082 828 3144 Attalo
852 3083 974 3164 loquar,
1004 3087 1055 3146 eui
1077 3103 1136 3146 oe-

83 3175 144 3235 cidi
162 3161 252 3236 'inter
281 3182 426 3255 tyrannos
454 3176 552 3238 honor
579 3186 611 3240 et
639 3182 716 3242 mori
745 3182 863 3244 lucrum
892 3185 971 3247 suit?
1015 3186 1049 3247 ln
1078 3185 1137 3247 hoo

82 3275 223 3336 Alaricus
240 3274 424 3354 lmperatore
445 3274 536 3355 laeto,
559 3278 685 3357 inlecto,
706 3281 824 3344 relecto
840 3303 875 3346 ao
891 3285 1023 3362 desento,
1046 3287 1136 3354 citius

82 3374 130 3436 bis
153 3377 294 3437 omnibus
317 3379 393 3439 actis
415 3396 513 3457 paene
535 3397 625 3458 quarn
641 3380 740 3460 dietis,
764 3385 887 3446 mimum
903 3388 970 3448 risit
986 3394 1017 3447 et
1032 3386 1136 3449 ludum
1247 3385 1266 3413 ⁶·

83 3477 233 3554 spectavit
248 3479 379 3554 imperii,
403 3497 461 3540 nee
477 3480 597 3558 mirum,
620 3482 647 3542 si
661 3481 733 3561 jure
749 3483 805 3545 hau
822 3503 928 3567 pompa
944 3489 1037 3551 miser
1051 3489 1137 3550 lusus

84 3583 140 3652 est,
164 3579 251 3657 eujus
275 3575 327 3637 ille
350 3578 519 3640 umbratilis
542 3582 650 3642 consul
665 3583 817 3646 Tertullus
833 3605 925 3648 ausus
941 3595 987 3648 est
1002 3590 1032 3649 in
1052 3591 1137 3651 ouria

84 3677 198 3753 dicere,
222 3674 365 3759 Loquor
378 3678 484 3757 uobis,
500 3679 627 3748 Patres
643 3687 836 3769 conscripti,
851 3682 986 3750 Consul
998 3691 1032 3752 et
1043 3708 1136 3772 pon-

84 3772 185 3859 tifex,
215 3797 360 3860 quorum
388 3783 531 3847 atteram
559 3788 673 3866 teneo,
704 3789 848 3852 alterum
870 3805 988 3870 spero,
1011 3807 1136 3869 sperans

83 3877 122 3937 ab
144 3895 199 3955 eo,
223 3881 382 3959 quispam
406 3902 467 3945 non
491 3886 639 3965 babebat,
663 3895 694 3950 et
717 3888 895 3957 maledictus
918 3892 1041 3970 utique,
1065 3891 1137 3969 quia

83 3995 168 4057 spem
195 3997 281 4042 suam
309 3991 452 4060 posuerat
473 3976 510 4046 ‘in
538 3985 671 4050 bomine.
715 3988 835 4052 Attalus
857 3991 961 4071 itaque
984 3998 1136 4071 tamquam
1166 4029 1172 4034 -
