2634 4434
703 321 777 391 170

635 420 842 433 ψ

213 562 295 627 bello
316 559 448 641 reeepit,
470 557 525 621 ubi
553 556 683 639 amptius
712 574 804 638 quam
832 554 943 637 viginti
971 552 1067 617 mitiis
1093 561 1169 648 tunc
1196 572 1263 620 scr·

213 678 321 724 verum
345 659 493 723 trucidata
513 657 700 722 reseruntur.
741 656 855 727 Plisera
875 654 1016 738 proiecto
1037 654 1107 717 talis
1133 655 1212 718 betti
1237 663 1267 719 et

213 760 436 823 inextricabilis
457 776 556 823 eausa.
600 758 794 821 Pereundum
815 757 925 837 utique
946 754 1079 817 dominis
1099 762 1184 833 erat,
1211 757 1266 817 nisi

213 858 479 923 insolescentibus
498 860 596 922 servis
624 857 709 921 ier'ro
729 857 852 921 obuiam
874 858 982 918 iretur.
1026 854 1088 918 Sed
1109 856 1266 918 tamenin

213 960 288 1040 ipsis
309 976 435 1040 quoque
457 957 678 1022 infelicissimis
698 957 818 1021 damnis
838 973 962 1038 pugnae
983 961 1017 1017 et
1044 952 1266 1019 infelicioribus

214 1059 309 1122 lucris
341 1058 504 1137 victoriae,
538 1058 644 1138 quanti
677 1058 800 1139 periere
830 1056 922 1135 vieti,
956 1060 1074 1118 mutum
1107 1053 1265 1136 perdidere

214 1158 356 1222 victores.

215 1408 307 1487 [aas]
364 1402 369 1413 ’
600 1282 789 1512 depe-t
832 1373 888 1489 Χ

215 1592 272 1659 De
292 1593 376 1661 delto
397 1564 593 1662 Aristomtci.
636 1592 693 1659 De
721 1591 910 1661 Pteleum
934 1593 1027 1677 rapis
1052 1589 1265 1660 Alexandra·-
1310 1657 1311 1660 ,

215 1714 340 1763 aarum
361 1695 503 1783 fiapitiia
531 1700 565 1762 et
590 1695 760 1764 Antiocho
786 1715 810 1762 a
830 1692 985 1763 Phraate
1005 1694 1104 1762 vieto.
1148 1692 1266 1780 Demea
1310 1721 1311 1724 ¹

459 1795 594 1864 Aetnae
616 1802 652 1895 at
672 1795 827 1879 Liparae
847 1796 1026 1863 incendiis.

300 1966 392 2029 Anno
413 1966 451 2029 ab
479 1966 561 2030 eree
589 1967 713 2030 condita
739 1964 884 2030 ncxxtl.
910 1966 942 2028 P.
968 1964 1105 2029 Licinius
1133 1965 1266 2043 Crassus,

216 2066 326 2130 consul
345 2072 379 2129 ct
405 2066 547 2130 Pontifex
575 2068 740 2145 maximus,
767 2068 915 2132 adversus
939 2066 1149 2131 Aristonicum
1177 2067 1267 2129 Attali

217 2166 352 2246 tratrem,
374 2170 428 2249 qui
450 2167 590 2231 traditam
612 2184 668 2247 per
685 2174 901 2232 testamntum
914 2168 1059 2233 Romanis
1073 2165 1180 2230 Mirm
1196 2184 1266 2247 per·

217 2274 353 2347 vaserat,
381 2288 449 2331 cum
478 2268 715 2331 instructissimo
744 2270 855 2332 missus
882 2270 1039 2344 exercitu3
1067 2273 1268 2347 praetereat

218 2368 336 2449 magnis
357 2368 501 2451 regibus,
523 2368 582 2432 hcc
604 2377 667 2433 est:
695 2370 863 2433 Nicomede
891 2369 1069 2455 Bithyniae,
1097 2366 1267 2429 Mithridate

217 2468 306 2531 Ponti
326 2475 358 2531 et
380 2470 563 2549 Armeniae,
586 2470 748 2536 Ariarathe
770 2452 995 2552 Cappadociae,
1022 2469 1190 2551 Pytemene
1210 2468 1267 2529 Pa-

217 2568 400 2650 phlagoniae
436 2588 607 2652 eorumque
645 2572 785 2634 maximis
822 2573 920 2653 copiis
956 2570 1096 2653 adjutus,
1129 2575 1267 2632 conserto
1307 2547 1309 2678 i

218 2668 321 2733 amen
347 2668 430 2733 bello
457 2671 557 2733 victas
585 2680 647 2734 est:
682 2678 716 2733 et
740 2689 828 2750 eum,
852 2671 997 2734 exercitu
1022 2677 1091 2751 post
1111 2669 1267 2752 plurimam

146 2800 148 2807 v
218 2764 305 2852 [309]
337 2768 464 2833 caedem
493 2772 524 2833 in
554 2770 657 2854 fugam
685 2779 770 2850 acto,
797 2773 864 2851 ipse
888 2772 951 2853 jam
978 2772 1209 2833 circumventus
1234 2769 1267 2831 att
1305 2699 1308 2838 K

218 2868 357 2933 hostibus
379 2877 412 2932 et
432 2888 531 2951 paene
552 2878 658 2951 captus
681 2880 778 2953 esset,
805 2873 939 2953 virgam,
962 2889 1022 2952 qua
1045 2879 1112 2934 erat
1133 2887 1210 2933 usus
1234 2869 1269 2931 ad
1304 2859 1307 2998 i

219 2989 350 3051 equum,
378 2971 411 3032 in
437 2970 559 3033 oculum
587 2970 712 3037 Thracis
739 2973 883 3055 impegit,
905 2971 1056 3035 Barbarus
1077 2978 1182 3035 autern
1204 2988 1269 3035 cun

219 3071 264 3135 ira
286 3078 318 3133 et
339 3070 446 3135 delore
467 3072 644 3153 exarsisset,
667 3074 746 3137 tatus
761 3073 862 3137 crassi
881 3071 984 3155 gladio
1004 3072 1268 3135 transverberavit.
1304 3037 1306 3156 i

200 3170 263 3235 'lta
292 3171 361 3250 iile,
390 3174 565 3255 excogitato
592 3192 710 3257 genere
736 3175 858 3253 mertis,
886 3173 996 3255 effugit
1021 3180 1053 3235 et
1080 3172 1217 3236 dedecus
1243 3179 1270 3235 et
1303 3185 1305 3316 ,

217 3275 408 3337 servitutem.
445 3272 596 3355 Perperna
613 3276 732 3355 consui,
752 3276 806 3357 qui
822 3275 931 3338 Crasso
945 3281 1149 3352 successerat,
1172 3274 1270 3338 audita

219 3380 317 3435 marte
339 3373 439 3438 Crassi
467 3382 499 3437 et
526 3376 614 3441 clade
641 3377 797 3440 exercitus
822 3376 951 3442 Romani
977 3375 1086 3457 raptim
1115 3376 1148 3437 in
1171 3377 1270 3439 Amen

220 3472 401 3552 pervolavit,
420 3473 628 3540 Aristonicum
649 3480 770 3543 recenti
793 3478 921 3541 victoria
942 3475 1085 3539 feriatum
1108 3478 1270 3557 improviso

219 3572 302 3635 betto
323 3571 459 3651 adortus,
481 3577 693 3658 nudatumque
712 3580 854 3641 omnibus
874 3578 971 3658 copiis
993 3578 1023 3639 in
1046 3576 1151 3659 iugum
1166 3581 1269 3652 vertit;

219 3690 353 3753 cumque
376 3672 570 3738 Stratonicen
592 3677 719 3756 urbem,
741 3681 779 3742 ad
802 3698 892 3759 quam
915 3679 968 3741 iile
990 3677 1190 3760 confugeret,
1213 3680 1269 3741 cb·

220 3770 306 3855 [att]
336 3774 457 3837 sidione
489 3776 652 3856 cinxisset,
686 3781 869 3842 trucidatum
902 3779 983 3842 ieme
1016 3780 1054 3841 ad
1086 3779 1270 3843 deditionem

221 3874 334 3953 coegit,
356 3876 508 3957 Perperna
530 3879 649 3956 consul,
672 3880 752 3959 apud
774 3880 953 3961 Pergamum
975 3886 1136 3961 correptus
1159 3881 1270 3956 morbo,

223 3970 302 4031 mem
333 3974 416 4038 obiit.
460 3979 654 4043 Aristonicus
681 3979 795 4044 Romae
818 3982 908 4062 jussu
935 3987 1062 4044 senatus
1089 3981 1122 4044 in
1151 4000 1269 4045 carcerc
