2634 4434
553 287 603 358 89

57 527 86 586 in
109 540 184 604 pace
211 523 369 604 regnanti,
400 523 470 586 stne
487 520 719 584 ¹conflictatione
741 519 877 600 corporis
899 527 931 582 ct
951 493 1103 584 dedecore

56 626 158 702 animi,
184 624 306 689 subitus
327 629 359 684 et
380 623 474 699 celer,
497 623 653 701 inopinato
676 619 759 685 ferro
781 621 931 701 potuisset
952 622 1103 697 accidere,

57 725 136 803 quod
159 726 218 804 ipsi
241 741 312 787 mox
334 724 452 804 obtigit.
494 721 560 784 Nec
578 721 617 784 ab
632 722 718 784 iratis
733 721 802 802 diis,
825 737 902 801 quos
917 721 1003 801 parui
1017 737 1104 782 senr-
1181 704 1190 724 '

54 842 108 903 per
132 825 297 906 penderat,
325 840 520 904 quorumque
541 839 626 899 aras,
653 822 766 902 templa
781 829 820 907 ,ct
841 820 1002 885 simulacra
1024 821 1105 882 sub-

53 932 197 1003 uerterat,
220 926 295 1006 quin
317 924 543 1000 electissimam,
565 929 600 984 ut
614 923 672 1002 ipsi
686 923 858 999 videbatur,
881 929 1010 986 mortem
1032 921 1104 982 edi-
1194 939 1197 945 ·

52 1026 239 1104 piscaretur,
266 1027 366 1106 potuit
392 1023 542 1103 lmpediri.
586 1021 661 1086 Num
690 1024 744 1086 die*
762 1023 951 1102 nuptiarum,
975 1040 1044 1084 curn
1067 1019 1105 1082 ad

25 1125 140 1190 ludos
168 1125 335 1208 magnifice.
357 1125 516 1204 adparatos
548 1123 629 1187 iuter
660 1123 737 1187 duos
770 1121 977 1199 Alexandros,
1009 1121 1104 1184 iilium

50 1243 281 1307 generumque,
309 1225 528 1304 contenderet,
555 1243 572 1286 a
594 1225 760 1302 Pausania,
777 1222 878 1286 .nabili
905 1222 1105 1286 Macedonum

50 1327 262 1407 adolescente,
278 1329 309 1391 iu
324 1327 474 1408 augustiis
489 1326 557 1389 sine
569 1325 747 1389 custodibus
760 1326 998 1400 circumventus,
1008 1323 1104 1386 ¹occi·

49 1443 100 1490 sus
125 1434 183 1492 est.
226 1427 380 1492 Adserent
401 1443 484 1492 nuuc
511 1426 676 1506 multisque
706 1426 782 1490 haec
808 1425 936 1490 uocibus
965 1423 1104 1498 efferant,

48 1529 143 1606 quasi
166 1529 302 1590 virorum
323 1525 448 1589 sortiunt
469 1525 576 1590 laudes
597 1533 629 1589 et
650 1524 731 1594 faeta
752 1527 867 1604 ielicia,
889 1525 1001 1606 quibus
1016 1542 1104 1586 arna-

46 1628 193 1690 rissimue
214 1625 344 1691 aliorum
366 1625 553 1690 calamitates
578 1625 611 1686 in
638 1625 746 1690 dulces
773 1624 891 1688 tabulas
921 1625 1051 1699 cedunt,
1079 1623 1107 1684 si

46 1732 155 1788 tamen
176 1742 335 1804 uunquam
357 1724 416 1804 ipsi
443 1723 586 1802 injurias,
615 1723 728 1804 quibus
753 1724 918 1804 aliquando
944 1731 1107 1800 vexantur,

46 1827 152 1890 relatu
174 1825 302 1887 tristiori
323 1824 492 1903 deplorant.
537 1823 571 1889 st
592 1841 668 1886 vero
690 1824 729 1889 dc
750 1826 881 1904 propriis
906 1825 1107 1904 querimoniis

48 1932 172 1990 tanturn
194 1924 271 1988 alios
292 1923 454 1990 audientes
476 1923 566 1988 adfici
586 1924 710 2001 volunt,
741 1931 887 2004 quantum
909 1926 968 2005 ipsi
989 1941 1105 2006 perpe-

48 2026 159 2090 tienda
172 2031 349 2101 senserunt,
365 2024 453 2104 prius
470 2025 528 2103 ipsi
545 2041 608 2087 non
625 2025 838 2105 praesentibus
853 2026 1027 2106 praeterita,
1050 2025 1106 2086 sed

47 2129 149 2207 gestis
170 2132 258 2206 gesto
280 2131 471 2204 comparent:
500 2130 533 2189 et
553 2131 684 2204 utraque
706 2144 747 2186 ex
768 2126 889 2203 auditu,
911 2125 997 2188 velut
1020 2123 1106 2206 [178]

49 2227 131 2289 certi
146 2225 318 2313 alienorum
332 2223 439 2289 arbitri
453 2224 598 2306 judicent.
634 2225 692 2289 Per
714 2227 824 2307 viginti
848 2227 986 2306 quinque
1008 2243 1106 2287 anuos
1171 2203 1183 2228 ⁸

48 2327 199 2388 incendia
220 2327 388 2401 ciuitatum,
412 2325 531 2389 excidia
554 2325 716 2403 bellorum,
743 2327 952 2407 subjectiones
975 2324 1123 2405 [trontiu-¹

50 2428 183 2504 ciarum,
209 2426 320 2490 caedes
342 2425 511 2502 hominum,
532 2443 625 2503 opum
646 2427 778 2504 rapinas,
801 2426 929 2503 praedas
951 2443 1107 2503 pecorum,

49 2534 244 2591 mortuorum
259 2527 455 2592 venditiones
469 2525 723 2605 captivitatesque
739 2525 896 2610 uiuorum,
919 2525 1011 2586 unius
1025 2525 1108 2606 regis

50 2625 152 2708 fraus,
173 2625 290 2693 ferocia
312 2633 344 2692 et
365 2625 538 2689 dominatus
559 2625 693 2704 agitauit.

414 2874 612 3015 caput
665 2873 758 2983 ll.

50 3079 238 3150 Samnites
252 3079 487 3148 Romanorum
508 3083 627 3164 copisa
647 3083 797 3164 cupiunt.
842 3081 986 3150 Rontuni
1007 3086 1111 3152 icium

202 3183 327 3268 suardus
348 3187 533 3268 rumpunt,
554 3181 731 3263 Satricum
754 3187 963 3265 expuebant.

145 3333 332 3400 Sufficerent
366 3339 424 3400 istu
458 3337 496 3400 ad
528 3335 702 3414 exemplum
736 3335 927 3396 miseriarum·
959 3337 1112 3401 insinuata

51 3437 227 3498 memoriae
250 3445 373 3499 nestrae
394 3445 481 3519 gesto
504 3453 560 3516 per
580 3434 765 3516 Philippum,
796 3437 914 3498 etiamsi
937 3439 1113 3503 Alexander

51 3539 86 3598 ei
104 3553 167 3597 non
183 3539 385 3600 successisset
399 3540 431 3598 in
450 3555 589 3619 regnum.
635 3538 728 3618 Cujus
751 3538 840 3616 bellu,
864 3539 924 3600 imo
946 3541 1002 3603 sub
1026 3541 1113 3620 cujus

49 3636 151 3698 bellis
174 3639 279 3698 mundi
302 3639 379 3700 mala
402 3639 510 3701 ordine
532 3641 695 3719 sequeutia
717 3641 871 3720 suspendo
894 3642 1057 3719 paulisper,
1081 3647 1114 3702 ut

50 3739 90 3798 in
114 3736 174 3798 boc
195 3736 266 3799 loco
287 3755 342 3818 pro
358 3742 575 3802 convenientia
591 3747 773 3820 temporum,
796 3739 929 3800 Romane
945 3740 1113 3819 subjiciam.

48 3836 152 3898 Anno
174 3837 213 3899 ab
237 3837 319 3900 Urbe
341 3840 462 3902 condita
486 3839 689 3920 ccccxxvi.
712 3827 863 3901 Caudinas
886 3838 1019 3900 furculas
1042 3841 1115 3902 satis
1220 3831 1225 3839 ’

49 3936 203 4002 celebres
232 3945 264 4001 ct
296 3938 442 4018 famosas,
476 3940 607 4020 insignis
638 3939 842 4000 Romanorum
876 3935 950 3998 iecit
981 3939 1114 4004 infamia.
