2634 4434
491 301 703 413 'Qua

61 526 210 606 caeresi,
232 530 388 609 Caemani,
410 532 463 613 qui
479 551 541 595 uuo
557 538 683 599 nomine
698 535 842 599 Germani
857 547 1016 620 secantur,
1038 541 1127 627 [tat]

58 628 275 711 quadraginta
296 632 397 696 millia.
434 632 473 695 Et
493 637 533 697 ite
556 635 652 699 fuisse
672 636 851 699 referuntur
868 638 1000 702 ducenta
1015 652 1125 722 septu-

56 731 240 809 aginta-ct
273 733 336 795 duo
367 734 460 795 millia
488 744 672 799 armatorum
701 738 873 802 lectissima.
917 740 972 802 llis
998 750 1127 821 repente

55 829 149 891 silve
183 834 429 915 erumpentibus,
459 839 614 901 exercitus
644 837 783 901 Caesaris
810 839 1007 919 perturbatus
1033 849 1128 922 atque

54 930 95 989 in
125 928 233 1011 sugent.
252 942 353 1011 actus,
377 936 515 1015 plurimis
537 956 664 1001 suorum
691 941 827 1017 amissis,
854 941 981 1003 tondere
1005 941 1127 1004 bortntu

56 1030 160 1093 ducis
185 1037 313 1113 restitit,
343 1037 541 1117 uictoresque
563 1040 729 1121 adgressus
750 1023 850 1120 usque
871 1041 909 1103 ad
931 1042 1127 1105 internecio·

53 1148 142 1193 nem
164 1152 262 1213 poene
285 1136 407 1200 delevit.

406 1390 606 1532 caput
654 1392 799 1503 iiii·

52 1588 203 1658 Galbae
225 1596 398 1675 aspedib'o
420 1598 457 1662 in
484 1595 658 1683 Voropror
680 1604 714 1665 ct
734 1595 908 1668 Sadenon.
941 1598 998 1665 De
1018 1602 1125 1668 retus

101 1695 217 1779 pertis
239 1690 464 1764 Caesariana
486 1700 694 1781 conjuratos
716 1720 792 1766 cum
820 1698 977 1778 Venetis,
1002 1703 1084 1767 item

175 1794 451 1866 TitctriiSedc'ni
473 1805 507 1865 et
527 1799 567 1865 P.
588 1798 713 1867 Crassi
734 1801 1020 1884 expeditionibus.

151 1950 249 2033 lgitur
272 1952 385 2015 Caeser
406 1956 525 2035 magnis
547 1956 578 2016 in
608 1953 705 2019 Gallia
732 1957 827 2020 rebus
851 1958 965 2039 gestis,
994 1976 1064 2020 eum
1091 1958 1124 2021 in

56 2052 184 2114 ltaliam
206 2052 357 2133 proficisci
381 2056 587 2134 decrevisset,
611 2056 737 2120 Galbam
759 2078 829 2121 cum
851 2059 977 2141 legione
999 2059 1123 2122 duede-

57 2154 148 2215 cime
173 2148 211 2215 ad
232 2153 387 2235 Veragros
415 2156 620 2237 Sedunosque
647 2160 736 2221 misit.
781 2161 841 2233 Qui
870 2178 940 2219 cum
969 2157 1125 2220 hiemandi

56 2270 160 2317 causa
194 2255 324 2317 invice
354 2256 577 2338 Veragrorum,
611 2260 661 2319 coi
695 2277 807 2319 nomen
841 2265 907 2319 eret
938 2257 1124 2333 Octodurus,

57 2354 275 2432 consedisset,
305 2358 499 2437 mediamque
528 2358 630 2436 oppidi
653 2366 785 2437 portem,
809 2376 888 2438 quae
910 2365 1047 2420 torrente
1071 2356 1124 2419 di-

56 2456 291 2536 stingnebntur,
315 2457 431 2517 accolis
451 2458 667 2532 concessisset,
691 2459 820 2533 quadam
844 2459 893 2517 die
914 2458 1038 2518 eosdem
1055 2457 1123 2517 dis-

58 2557 199 2617 cessisse
223 2574 277 2633 per
299 2563 432 2632 nectem,
455 2574 490 2616 ec
512 2555 656 2633 proximo·
666 2555 818 2616 insedisse
833 2555 908 2617 colli
920 2555 1013 2616 videt.
1037 2550 1125 2636 [392]

59 2656 191 2735 Quippe
211 2654 256 2716 illi
278 2657 461 2735 pnuoitntem
477 2656 530 2717 vix
546 2655 665 2717 mediae
680 2655 812 2737 legionis
827 2656 989 2735 despectui
1001 2654 1126 2717 imben-

59 2762 129 2837 tes,
153 2754 325 2817 ultroneam
348 2755 406 2817 sibi
428 2756 570 2835 praedam
594 2756 679 2817 nullo
702 2773 860 2818 cessuram
883 2758 1015 2836 negotio
1036 2756 1130 2817 arbi--

59 2840 242 2932 trahentur,
275 2856 484 2938 finitimosque
516 2872 588 2919 suos
621 2857 652 2918 in
686 2858 765 2919 lrenc
797 2857 901 2919 caedis
931 2872 967 2917 ac
993 2855 1126 2935 praedne

62 2958 248 3018 societatem
264 2965 457 3020 vocaverant.
491 2958 588 3039 lgitur
603 2958 695 3021 calta
715 2965 783 3043 tam·
801 2956 1019 3039 praesentibus·
1035 2956 1124 3036 peri-

63 3056 148 3118 culis
172 3059 378 3137 circumsepto
397 3051 433 3119 ac
455 3060 589 3138 trepido,
614 3066 711 3139 etque
739 3061 940 3121 interventus
962 3057 1128 3119 censetu-

65 3157 171 3219 tienes
191 3159 271 3219 certi
291 3158 413 3219 consilii
434 3160 563 3235 incerto,
586 3165 716 3238 repente
738 3157 816 3219 Galli
840 3158 993 3218 descensu
1013 3156 1126 3216 urentis

65 3241 170 3337 e‘ffusi,
193 3266 292 3320 castre
313 3257 491 3338 imperfecte
514 3258 714 3335 circumdant,
736 3273 823 3319 raros
845 3274 901 3336 per
919 3255 1032 3317 vallum
1048 3271 1124 3333 pre-

66 3366 254 3439 pugnatores
289 3360 371 3421 sanis
404 3358 537 3439 telisque
566 3365 704 3421 onerant.
749 3358 914 3437 Quumque
935 3358 998 3436 jam
1028 3362 1128 3430 cestre

67 3458 321 3543 irrumperentur,
343 3460 466 3523 Pacuvii
488 3459 681 3539 primipilaris
703 3458 896 3520 etlloluseni
913 3457 1028 3519 tribuni
1043 3476 1125 3519 con-

69 3557 155 3637 silio,
184 3564 287 3623 cuncti
314 3562 441 3622 Romani
468 3562 565 3641 portis
590 3567 773 3641 eruperunt:
798 3562 1002 3639 incautosque
1024 3557 1126 3618 subito

71 3659 208 3741 adgressi
238 3662 341 3723 hostes
369 3663 498 3741 primum
526 3660 799 3740 perturbaverunt,
828 3661 940 3722 deinde
968 3659 1003 3717 in
1022 3654 1125 3733 fugem

71 3777 178 3825 versos
212 3762 381 3825 miserabili
409 3769 510 3843 strage
540 3760 711 3823 fuderunt·
740 3760 814 3822 Nam
845 3758 972 3837 amplius
1002 3753 1127 3832 triginta

72 3852 164 3923 millia
194 3862 393 3925 barbarorum
427 3869 500 3923 tunc
534 3879 623 3925 caesa
657 3860 843 3923 reseruntur.
887 3856 984 3935 Igitur
1017 3852 1135 3915 Caesor'

73 3978 140 4024 cum
167 3963 228 4043 jem
257 3970 377 4044 pacatos
405 3964 565 4023 universas
594 3958 759 4022 Galliarum
786 3962 897 4036 gentes
924 3960 1061 4033 putaret,
1089 3952 1129 4015 ed
