2634 4434
549 347 619 417 211

53 582 108 642 dit.
147 580 221 643 Nanr
245 582 368 663 triginta
393 581 486 643 millia
510 581 668 642 bominum
691 581 723 640 in
745 597 784 641 eo
806 579 888 641 bello
910 595 1000 641 caesa
1020 579 1109 643 reie-
1130 595 1146 648 ζ
1159 576 1307 638 ¹001000P⁴

51 687 176 743 runtur.
220 681 367 763 Tigranes
401 682 454 743 vix
487 688 609 743 centum
645 687 677 741 et
704 682 926 761 quinquaginta
955 680 1111 758 equitibus

52 782 220 843 comitatus
235 780 356 863 aufugit
377 782 549 844 diademate
571 788 603 843 et
625 782 712 859 tiara,
735 799 776 845 ne
798 787 1029 871 agnosceretur,
1050 779 1110 840 ab·
1143 825 1187 867 „g
1206 821 1235 868 at
1255 832 1281 867 a.

45 881 157 961 jectis.
178 874 285 956 [Tunc
306 883 343 943 ad
365 882 527 944 Lucullum
551 883 643 943 totius
665 893 765 962 paene
796 880 931 943 Orientis
957 879 1112 959 supplices
1145 852 1307 966 Vtut-Q

49 964 315 1070 venere'legatizl
335 983 361 1043 is
383 983 562 1045 imminente
585 978 765 1061 biemelper
785 981 961 1043 Armeniam
985 981 1016 1041 in
1038 978 1110 1040 lle-
1140 956 1307 1091 ffiffl

48 1083 253 1161 sopotarniam
276 1100 437 1165 regressus
459 1082 578 1143 Nisibin
609 1082 733 1159 urbem,
762 1081 823 1142 illis
849 1088 924 1143 tuuc
951 1082 1027 1142 locis
1056 1080 1110 1140 in·
1156 1065 1307 1165 agap]

49 1181 176 1261 clytam,
200 1184 390 1264 expugnavit
412 1189 444 1245 et
465 1182 554 1262 oepit.

423 1434 611 1575 llaput
661 1436 734 1545 ll.

45 1641 108 1707 De
132 1640 218 1706 bello
239 1636 393 1704 Parnaco
422 1643 457 1704 et
481 1636 630 1725 Cretico,
658 1642 768 1726 deque
793 1661 833 1707 re
859 1661 937 1707 cam
962 1640 1107 1707 Mittat-

366 1740 447 1804 date
468 1759 490 1804 a
512 1738 675 1823 Pompeio
693 1746 803 1826 pecta.

83 1933 86 1941 ·
138 1895 251 1957 lisdem
275 1893 384 1957 diebus
406 1895 523 1956 Piratae
545 1913 601 1974 per
622 1900 724 1957 omnia
746 1896 842 1977 sparsi
864 1897 975 1972 maria,
997 1895 1112 1975 etjam

49 2014 115 2058 non
145 2002 262 2070 tanturn
293 1996 523 2074 intercipientes
552 1998 677 2059 navium
704 2003 905 2074 commeatus,
933 1995 988 2058 sed
1016 1998 1108 2058 etiam

50 2096 171 2159 insulas
186 2095 421 2176 provinciasque
442 2102 607 2175 vastantes,
630 2098 811 2176 impunitate
832 2097 960 2159 sceleris
983 2104 1015 2157 et
1035 2099 1107 2158 avi-

51 2196 150 2259 ditate
172 2196 303 2275 praedae
325 2196 419 2276 vulgo
441 2212 511 2258 sese
534 2196 736 2272 adsociantes,
758 2198 790 2256 in
807 2198 990 2257 immensum
1006 2214 1108 2275 auge·

49 2294 182 2371 bantur,
216 2312 294 2375 quos
328 2295 381 2357 Gn.
414 2295 575 2375 Pompeius
608 2302 677 2374 post
709 2294 834 2355 multam
864 2295 987 2374 quidem
1011 2292 1108 2371 {378}

49 2396 268 2470 vastationem,
291 2411 382 2472 quam
405 2400 485 2455 terra
509 2395 646 2473 marique
670 2394 723 2453 diu
745 2401 882 2472 egerant,
910 2396 984 2454 mira
1007 2403 1109 2457 tamen

50 2495 214 2557 celeritate
237 2493 426 2570 compressit.
463 2492 578 2553 Eodem
601 2498 738 2569 tempore
762 2492 880 2551 Cretam
903 2493 1032 2553 insulam
1054 2513 1110 2573 per

50 2592 215 2656 biennium
237 2590 379 2652 Metellus
406 2592 533 2667 evertit,
561 2590 770 2669 diuturnoque
798 2590 879 2652 bello
906 2590 1049 2653 domitam
1077 2594 1110 2655 in

50 2698 237 2771 potestatem
259 2689 396 2769 redegit,
420 2690 569 2772 legesque
591 2688 702 2752 Minois
723 2689 867 2753 Romanis
888 2690 1010 2772 legibus
1033 2711 1109 2772 per-

53 2793 191 2855 mutavit.
213 2780 396 2870 {Pompeius
423 2798 545 2870 postea,
579 2807 741 2853 successor
765 2791 900 2869 Luculli,
934 2793 967 2853 in
1000 2794 1110 2855 minori
1139 2798 1307 2881 &pp-³122

53 2891 202 2953 Armenia
228 2892 316 2972 juxta
343 2897 476 2953 montem
504 2891 683 2953 Dastracum
711 2897 810 2953 castra
836 2894 921 2973 regis
949 2892 1111 2956 obsidione
1140 2878 1303 2968 turim

54 2992 215 3053 conclusit.
252 2989 318 3051 Rex
340 3008 409 3052 curn
432 2990 574 3053 omnibus
596 2993 704 3071 copiis,
727 2994 889 3071 eruptione
911 3012 966 3074 per
987 3000 1109 3056 noctem
1144 2966 1194 3009 Μ’
1215 2964 1307 3028 Μ’Π·

54 3089 153 3169 iacta,
182 3092 308 3171 insuper
336 3092 427 3153 etiam
457 3098 694 3170 persequentem
715 3091 799 3153 bello
820 3094 974 3173 repellere
996 3096 1109 3156 statuit.
1284 3161 1287 3165 ,

54 3189 217 3305 laucius
239 3190 395 3272 fugientes
417 3192 562 3271 persequi
582 3190 723 3252 intendit.
759 3189 867 3270 ltaque
888 3192 1002 3253 bellurn
1018 3200 1110 3253 nocte
1136 3192 1204 3281 dp».
1305 3223 1306 3232 κ

56 3292 249 3352 commissum
277 3296 332 3352 est.
376 3290 463 3352 Luna
491 3297 564 3352 tunc
593 3298 675 3369 orta,
702 3308 721 3352 a
748 3297 837 3371 tergo
864 3290 1008 3353 Romanis
1036 3299 1108 3355 erat.
1144 3261 1303 3390 pgfsszss,

55 3387 146 3471 Regii
174 3390 396 3472 longitudinem
424 3390 600 3453 umbrarum
628 3391 853 3469 proximitatem
881 3390 1013 3453 bostium
1041 3396 1109 3470 rati,
1142 3377 1232 3472 042}
1249 3427 1307 3468 ηις

58 3498 166 3552 cuncta
200 3491 231 3551 in
265 3490 384 3551 irritum
418 3490 479 3551 tela
512 3488 668 3552 sudarunt.
711 3489 855 3566 Romani,
889 3491 985 3556 veluti
1019 3490 1108 3576 [379]

59 3586 190 3652 inermes
220 3597 325 3670 postea
352 3589 506 3671 adgressi,
539 3590 607 3653 sine
640 3590 746 3653 labore
777 3593 928 3655 vicerunt.
971 3593 1109 3669 Namque

60 3687 96 3748 de
124 3691 263 3752 exercitu
285 3690 373 3770 regio
396 3689 595 3772 quadraginta
617 3692 712 3754 millia
735 3692 897 3755 caesarei
919 3698 1004 3769 capta
1027 3695 1164 3764 santra
1180 3710 1222 3771 :vj

59 3784 183 3853 Romani
205 3789 359 3851 vulnerati
382 3787 481 3866 mille,
510 3790 564 3851 vix
591 3800 694 3855 autern
723 3791 924 3871 quadraginta
946 3786 1109 3850 interfecti.
1199 3775 1253 3813 ''l''

59 3884 123 3949 Rex
143 3890 225 3952 inter
246 3888 394 3951 tumultus
416 3884 490 3952 b'elli
512 3888 586 3971 iuga
609 3891 742 3970 elapsus,
764 3888 885 3967 adjutus
900 3886 991 3947 etiam
1007 3886 1109 3949 bene·
1129 3896 1204 3968 aaa·
1278 3905 1301 3939 .-

61 3983 128 4050 lrcio
142 3989 305 4053 sublustris
320 3989 419 4050 noctis
441 3990 555 4061 evasit3
579 3988 770 4066 relictusque
784 3986 822 4047 ab
837 3982 979 4047 omnibus
994 3988 1109 4064 amicis,
1134 3967 1206 4014 ω·
1217 3960 1307 4019 'm‘

1133 4021 1285 4071 Ὁὺθὸιιῖῦ.
