<?xml version="1.0" encoding="UTF-8"?>
<!DOCTYPE html PUBLIC "-//W3C//DTD XHTML 1.0 Transitional//EN"
    "http://www.w3.org/TR/xhtml1/DTD/xhtml1-transitional.dtd">
<html xmlns="http://www.w3.org/1999/xhtml" xml:lang="en" lang="en">
 <head>
  <title>
</title>
<meta http-equiv="Content-Type" content="text/html;charset=utf-8" />
  <meta name='ocr-system' content='tesseract 3.04.00' />
  <meta name='ocr-capabilities' content='ocr_page ocr_carea ocr_par ocr_line ocrx_word'/>
</head>
<body>
  <div class='ocr_page' id='page_1' title='image "./pauliorosiipres00havegoog_0031.png"; bbox 0 0 2634 4434; ppageno 0'>
   <div class='ocr_carea' id='block_1_1' title="bbox 705 339 754 408">
    <p class='ocr_par' dir='ltr' id='par_1_1' title="bbox 705 339 754 408">
     <span class='ocr_line' id='line_1_1' title="bbox 705 339 754 408; baseline -0.02 0"><span class='ocrx_word' id='word_1_1' title='bbox 705 339 754 408; x_wconf 75' lang='lat'><strong><em>24</em></strong></span> 
     </span>
    </p>
   </div>
   <div class='ocr_carea' id='block_1_2' title="bbox 627 437 835 448">
    <p class='ocr_par' dir='ltr' id='par_1_2' title="bbox 627 437 835 448">
     <span class='ocr_line' id='line_1_2' title="bbox 627 437 835 448; baseline 0 -2"><span class='ocrx_word' id='word_1_2' title='bbox 627 437 835 448; x_wconf 46' lang='lat' dir='ltr'><em>...s—..-</em></span> 
     </span>
    </p>
   </div>
   <div class='ocr_carea' id='block_1_3' title="bbox 205 551 1256 658">
    <p class='ocr_par' dir='ltr' id='par_1_3' title="bbox 205 551 1256 658">
     <span class='ocr_line' id='line_1_3' title="bbox 205 551 1256 658; baseline -0.002 -20"><span class='ocrx_word' id='word_1_3' title='bbox 205 577 368 658; x_wconf 78' lang='lat' dir='ltr'><strong><em>meliusque</em></strong></span> <span class='ocrx_word' id='word_1_4' title='bbox 394 551 562 638; x_wconf 73' lang='lat' dir='ltr'><strong><em>asianae</em></strong></span> <span class='ocrx_word' id='word_1_5' title='bbox 590 579 644 657; x_wconf 86' lang='lat' dir='ltr'><strong><em>qai</em></strong></span> <span class='ocrx_word' id='word_1_6' title='bbox 666 577 807 658; x_wconf 83' lang='lat' dir='ltr'><strong><em>quidem,</em></strong></span> <span class='ocrx_word' id='word_1_7' title='bbox 830 591 901 637; x_wconf 89' lang='lat' dir='ltr'><strong><em>cum</em></strong></span> <span class='ocrx_word' id='word_1_8' title='bbox 922 571 1001 634; x_wconf 84' lang='lat' dir='ltr'><strong><em>inec</em></strong></span> <span class='ocrx_word' id='word_1_9' title='bbox 1021 571 1112 634; x_wconf 84' lang='lat' dir='ltr'><strong><em>ambo</em></strong></span> <span class='ocrx_word' id='word_1_10' title='bbox 1133 573 1174 635; x_wconf 91' lang='lat' dir='ltr'><strong><em>de</em></strong></span> <span class='ocrx_word' id='word_1_11' title='bbox 1195 572 1256 636; x_wconf 85' lang='lat' dir='ltr'><strong><em>ia-</em></strong></span> 
     </span>
    </p>
   </div>
   <div class='ocr_carea' id='block_1_4' title="bbox 71 675 1305 4081">
    <p class='ocr_par' dir='ltr' id='par_1_4' title="bbox 199 675 1305 3280">
     <span class='ocr_line' id='line_1_4' title="bbox 205 675 1257 758; baseline -0.004 -18"><span class='ocrx_word' id='word_1_12' title='bbox 205 678 290 740; x_wconf 86' lang='lat' dir='ltr'><strong><em>daais</em></strong></span> <span class='ocrx_word' id='word_1_13' title='bbox 311 675 474 740; x_wconf 79' lang='lat' dir='ltr'><strong><em>reserenda</em></strong></span> <span class='ocrx_word' id='word_1_14' title='bbox 495 685 683 758; x_wconf 85' lang='lat' dir='ltr'><strong><em>proponant,</em></strong></span> <span class='ocrx_word' id='word_1_15' title='bbox 710 675 933 758; x_wconf 82' lang='lat' dir='ltr'><strong><em>aliquantulum</em></strong></span> <span class='ocrx_word' id='word_1_16' title='bbox 962 691 1011 736; x_wconf 89' lang='lat' dir='ltr'><strong><em>me</em></strong></span> <span class='ocrx_word' id='word_1_17' title='bbox 1037 689 1177 753; x_wconf 80' lang='lat' dir='ltr'><strong><em>prosae</em></strong></span> <span class='ocrx_word' id='word_1_18' title='bbox 1206 675 1257 736; x_wconf 86' lang='lat' dir='ltr'><strong><em>di·</em></strong></span> 
     </span>
     <span class='ocr_line' id='line_1_5' title="bbox 204 772 1258 856; baseline -0.003 -18"><span class='ocrx_word' id='word_1_19' title='bbox 204 779 350 840; x_wconf 70' lang='lat' dir='ltr'><strong>versitate</strong></span> <span class='ocrx_word' id='word_1_20' title='bbox 382 785 553 841; x_wconf 86' lang='lat' dir='ltr'><strong><em>moverunt.</em></strong></span> <span class='ocrx_word' id='word_1_21' title='bbox 596 779 650 842; x_wconf 82' lang='lat' dir='ltr'><strong><em>Ait</em></strong></span> <span class='ocrx_word' id='word_1_22' title='bbox 683 781 765 841; x_wconf 91' lang='lat' dir='ltr'><strong><em>enim</em></strong></span> <span class='ocrx_word' id='word_1_23' title='bbox 797 775 975 856; x_wconf 86' lang='lat' dir='ltr'><strong><em>Pompejns,</em></strong></span> <span class='ocrx_word' id='word_1_24' title='bbox 1007 775 1074 837; x_wconf 85' lang='lat' dir='ltr'><strong><em>sire</em></strong></span> <span class='ocrx_word' id='word_1_25' title='bbox 1106 772 1258 850; x_wconf 82' lang='lat' dir='ltr'><strong><em>lustinus,</em></strong></span> 
     </span>
     <span class='ocr_line' id='line_1_6' title="bbox 204 873 1260 962; baseline -0.001 -23"><span class='ocrx_word' id='word_1_26' title='bbox 204 877 263 939; x_wconf 85' lang='lat' dir='ltr'><strong><em>hoc</em></strong></span> <span class='ocrx_word' id='word_1_27' title='bbox 286 877 390 940; x_wconf 86' lang='lat' dir='ltr'><strong><em>modo:</em></strong></span> <span class='ocrx_word' id='word_1_28' title='bbox 435 875 592 962; x_wconf 80' lang='lat' dir='ltr'><strong><em>Aeppptii</em></strong></span> <span class='ocrx_word' id='word_1_29' title='bbox 613 897 692 945; x_wconf 85' lang='lat' dir='ltr'><strong><em>cam</em></strong></span> <span class='ocrx_word' id='word_1_30' title='bbox 713 877 861 944; x_wconf 83' lang='lat' dir='ltr'><strong><em>ccadicm</em></strong></span> <span class='ocrx_word' id='word_1_31' title='bbox 884 878 921 940; x_wconf 89' lang='lat' dir='ltr'><strong><em>et</em></strong></span> <span class='ocrx_word' id='word_1_32' title='bbox 938 873 1135 959; x_wconf 80' lang='lat' dir='ltr'><strong><em>uitilipinem</em></strong></span> <span class='ocrx_word' id='word_1_33' title='bbox 1154 877 1260 959; x_wconf 82' lang='lat' dir='ltr'><strong><em>pate·</em></strong></span> 
     </span>
     <span class='ocr_line' id='line_1_7' title="bbox 203 975 1261 1063; baseline -0.002 -23"><span class='ocrx_word' id='word_1_34' title='bbox 203 979 342 1055; x_wconf 83' lang='lat' dir='ltr'><strong><em>rentur,</em></strong></span> <span class='ocrx_word' id='word_1_35' title='bbox 378 995 550 1063; x_wconf 76' lang='lat' dir='ltr'><strong><em>responso</em></strong></span> <span class='ocrx_word' id='word_1_36' title='bbox 584 979 721 1057; x_wconf 83' lang='lat' dir='ltr'><strong><em>moniti,</em></strong></span> <span class='ocrx_word' id='word_1_37' title='bbox 757 977 909 1062; x_wconf 80' lang='lat' dir='ltr'><strong><em>Mopcea</em></strong></span> <span class='ocrx_word' id='word_1_38' title='bbox 940 993 1017 1041; x_wconf 87' lang='lat' dir='ltr'><strong><em>cum</em></strong></span> <span class='ocrx_word' id='word_1_39' title='bbox 1049 975 1182 1058; x_wconf 69' lang='lat' dir='ltr'><strong><em>cepa-ia,</em></strong></span> <span class='ocrx_word' id='word_1_40' title='bbox 1216 991 1261 1039; x_wconf 85' lang='lat' dir='ltr'><strong><em>ac</em></strong></span> 
     </span>
     <span class='ocr_line' id='line_1_8' title="bbox 202 1073 1260 1162; baseline -0.003 -20"><span class='ocrx_word' id='word_1_41' title='bbox 202 1079 312 1160; x_wconf 75' lang='lat' dir='ltr'><strong><em>pectis</em></strong></span> <span class='ocrx_word' id='word_1_42' title='bbox 337 1079 385 1144; x_wconf 89' lang='lat' dir='ltr'><strong><em>ad</em></strong></span> <span class='ocrx_word' id='word_1_43' title='bbox 408 1081 530 1162; x_wconf 84' lang='lat' dir='ltr'><strong><em>plarea</em></strong></span> <span class='ocrx_word' id='word_1_44' title='bbox 555 1083 728 1160; x_wconf 78' lang='lat' dir='ltr'><strong><em>serperet,</em></strong></span> <span class='ocrx_word' id='word_1_45' title='bbox 760 1079 917 1143; x_wconf 78' lang='lat' dir='ltr'><strong><em>terminis</em></strong></span> <span class='ocrx_word' id='word_1_46' title='bbox 944 1073 1088 1160; x_wconf 74' lang='lat' dir='ltr'><strong><em>Aegypti</em></strong></span> <span class='ocrx_word' id='word_1_47' title='bbox 1118 1076 1260 1149; x_wconf 73' lang='lat' dir='ltr'><strong><em>pelliani.</em></strong></span> 
     </span>
     <span class='ocr_line' id='line_1_9' title="bbox 206 1175 1261 1264; baseline -0.003 -22"><span class='ocrx_word' id='word_1_48' title='bbox 206 1175 270 1261; x_wconf 82' lang='lat'>[53]</span> <span class='ocrx_word' id='word_1_49' title='bbox 305 1177 393 1248; x_wconf 77' lang='lat' dir='ltr'><strong><em>Dua</em></strong></span> <span class='ocrx_word' id='word_1_50' title='bbox 424 1181 530 1264; x_wconf 72' lang='lat' dir='ltr'><strong><em>igitar</em></strong></span> <span class='ocrx_word' id='word_1_51' title='bbox 562 1183 706 1246; x_wconf 76' lang='lat' dir='ltr'><strong><em>exulum</em></strong></span> <span class='ocrx_word' id='word_1_52' title='bbox 734 1177 851 1264; x_wconf 76' lang='lat' dir='ltr'><strong><em>factare</em></strong></span> <span class='ocrx_word' id='word_1_53' title='bbox 883 1197 988 1243; x_wconf 74' lang='lat' dir='ltr'><strong><em>sacra</em></strong></span> <span class='ocrx_word' id='word_1_54' title='bbox 1013 1175 1261 1260; x_wconf 70' lang='lat' dir='ltr'><strong><em>Acpppamam</em></strong></span> 
     </span>
     <span class='ocr_line' id='line_1_10' title="bbox 199 1277 1261 1367; baseline -0.003 -24"><span class='ocrx_word' id='word_1_55' title='bbox 199 1277 298 1362; x_wconf 76' lang='lat' dir='ltr'><strong><em>firrto</em></strong></span> <span class='ocrx_word' id='word_1_56' title='bbox 319 1279 473 1346; x_wconf 78' lang='lat' dir='ltr'><strong><em>cbctattt:</em></strong></span> <span class='ocrx_word' id='word_1_57' title='bbox 495 1302 585 1367; x_wconf 84' lang='lat' dir='ltr'><strong><em>qaae</em></strong></span> <span class='ocrx_word' id='word_1_58' title='bbox 598 1284 707 1348; x_wconf 77' lang='lat' dir='ltr'><strong><em>mania</em></strong></span> <span class='ocrx_word' id='word_1_59' title='bbox 719 1283 916 1360; x_wconf 73' lang='lat' dir='ltr'><strong><em>repetentes</em></strong></span> <span class='ocrx_word' id='word_1_60' title='bbox 930 1279 1098 1361; x_wconf 75' lang='lat' dir='ltr'><strong><em>Aeppptii,</em></strong></span> <span class='ocrx_word' id='word_1_61' title='bbox 1121 1277 1261 1341; x_wconf 83' lang='lat' dir='ltr'><strong><em>domam</em></strong></span> 
     </span>
     <span class='ocr_line' id='line_1_11' title="bbox 205 1371 1259 1470; baseline -0.003 -29"><span class='ocrx_word' id='word_1_62' title='bbox 205 1380 321 1445; x_wconf 90' lang='lat' dir='ltr'><strong><em>redire</em></strong></span> <span class='ocrx_word' id='word_1_63' title='bbox 348 1383 607 1470; x_wconf 71' lang='lat' dir='ltr'><strong><em>tempestatibus</em></strong></span> <span class='ocrx_word' id='word_1_64' title='bbox 634 1381 801 1462; x_wconf 78' lang='lat' dir='ltr'><strong><em>compulsi</em></strong></span> <span class='ocrx_word' id='word_1_65' title='bbox 829 1371 928 1446; x_wconf 68' lang='lat' dir='ltr'><strong><em>aaut?</em></strong></span> <span class='ocrx_word' id='word_1_66' title='bbox 966 1383 1006 1443; x_wconf 86' lang='lat' dir='ltr'><strong><em>At</em></strong></span> <span class='ocrx_word' id='word_1_67' title='bbox 1033 1396 1107 1441; x_wconf 91' lang='lat' dir='ltr'><strong><em>vero</em></strong></span> <span class='ocrx_word' id='word_1_68' title='bbox 1135 1378 1259 1439; x_wconf 85' lang='lat' dir='ltr'><strong><em>Corne-</em></strong></span> 
     </span>
     <span class='ocr_line' id='line_1_12' title="bbox 205 1479 1259 1554; baseline 0.002 -15"><span class='ocrx_word' id='word_1_69' title='bbox 205 1479 265 1542; x_wconf 91' lang='lat' dir='ltr'><strong><em>lius</em></strong></span> <span class='ocrx_word' id='word_1_70' title='bbox 287 1481 326 1544; x_wconf 89' lang='lat' dir='ltr'><strong><em>de</em></strong></span> <span class='ocrx_word' id='word_1_71' title='bbox 349 1482 455 1546; x_wconf 85' lang='lat' dir='ltr'><strong><em>eadem</em></strong></span> <span class='ocrx_word' id='word_1_72' title='bbox 478 1502 512 1546; x_wconf 86' lang='lat' dir='ltr'><strong><em>ra</em></strong></span> <span class='ocrx_word' id='word_1_73' title='bbox 534 1485 579 1548; x_wconf 88' lang='lat' dir='ltr'><strong><em>sio</em></strong></span> <span class='ocrx_word' id='word_1_74' title='bbox 602 1489 659 1548; x_wconf 86' lang='lat' dir='ltr'><strong><em>ait:</em></strong></span> <span class='ocrx_word' id='word_1_75' title='bbox 686 1481 829 1548; x_wconf 87' lang='lat' dir='ltr'><strong><em>Plurimi</em></strong></span> <span class='ocrx_word' id='word_1_76' title='bbox 850 1485 1010 1547; x_wconf 73' lang='lat' dir='ltr'><strong><em>auctores</em></strong></span> <span class='ocrx_word' id='word_1_77' title='bbox 1032 1479 1259 1554; x_wconf 77' lang='lat' dir='ltr'><strong><em>consentiant,</em></strong></span> 
     </span>
     <span class='ocr_line' id='line_1_13' title="bbox 205 1577 1259 1670; baseline -0.002 -26"><span class='ocrx_word' id='word_1_78' title='bbox 205 1583 284 1645; x_wconf 88' lang='lat' dir='ltr'><strong><em>orta</em></strong></span> <span class='ocrx_word' id='word_1_79' title='bbox 303 1597 369 1662; x_wconf 86' lang='lat' dir='ltr'><strong><em>per</em></strong></span> <span class='ocrx_word' id='word_1_80' title='bbox 389 1582 581 1668; x_wconf 74' lang='lat' dir='ltr'><strong><em>Aeppptanr</em></strong></span> <span class='ocrx_word' id='word_1_81' title='bbox 604 1586 698 1663; x_wconf 84' lang='lat' dir='ltr'><strong><em>tabe,</em></strong></span> <span class='ocrx_word' id='word_1_82' title='bbox 721 1601 811 1670; x_wconf 79' lang='lat' dir='ltr'><strong><em>patae</em></strong></span> <span class='ocrx_word' id='word_1_83' title='bbox 832 1599 980 1662; x_wconf 77' lang='lat' dir='ltr'><strong><em>corpora</em></strong></span> <span class='ocrx_word' id='word_1_84' title='bbox 998 1577 1174 1668; x_wconf 71' lang='lat' dir='ltr'><strong><em>foedaret,</em></strong></span> <span class='ocrx_word' id='word_1_85' title='bbox 1198 1597 1259 1642; x_wconf 88' lang='lat' dir='ltr'><strong><em>re-</em></strong></span> 
     </span>
     <span class='ocr_line' id='line_1_14' title="bbox 202 1679 1259 1764; baseline -0.005 -17"><span class='ocrx_word' id='word_1_86' title='bbox 202 1698 280 1764; x_wconf 84' lang='lat' dir='ltr'><strong><em>pem</em></strong></span> <span class='ocrx_word' id='word_1_87' title='bbox 301 1679 519 1764; x_wconf 77' lang='lat' dir='ltr'><strong><em>Bocchorim,</em></strong></span> <span class='ocrx_word' id='word_1_88' title='bbox 548 1688 640 1753; x_wconf 89' lang='lat' dir='ltr'><strong><em>adito</em></strong></span> <span class='ocrx_word' id='word_1_89' title='bbox 668 1685 849 1752; x_wconf 79' lang='lat' dir='ltr'><strong><em>Ammonia</em></strong></span> <span class='ocrx_word' id='word_1_90' title='bbox 881 1685 1038 1759; x_wconf 89' lang='lat' dir='ltr'><strong><em>oracula,</em></strong></span> <span class='ocrx_word' id='word_1_91' title='bbox 1070 1681 1259 1747; x_wconf 82' lang='lat' dir='ltr'><strong><em>remedium</em></strong></span> 
     </span>
     <span class='ocr_line' id='line_1_15' title="bbox 203 1782 1260 1871; baseline -0.008 -20"><span class='ocrx_word' id='word_1_92' title='bbox 203 1787 322 1860; x_wconf 72' lang='lat' dir='ltr'><strong><em>pateat</em></strong></span> <span class='ocrx_word' id='word_1_93' title='bbox 320 1803 388 1863; x_wconf 79' lang='lat' dir='ltr'><strong><em>ent,</em></strong></span> <span class='ocrx_word' id='word_1_94' title='bbox 409 1803 562 1870; x_wconf 77' lang='lat' dir='ltr'><strong><em>purpure</em></strong></span> <span class='ocrx_word' id='word_1_95' title='bbox 581 1807 741 1871; x_wconf 72' lang='lat' dir='ltr'><strong><em>requam,</em></strong></span> <span class='ocrx_word' id='word_1_96' title='bbox 765 1791 801 1851; x_wconf 87' lang='lat' dir='ltr'><strong><em>et</em></strong></span> <span class='ocrx_word' id='word_1_97' title='bbox 819 1785 857 1850; x_wconf 85' lang='lat' dir='ltr'><strong><em>id</em></strong></span> <span class='ocrx_word' id='word_1_98' title='bbox 874 1803 988 1868; x_wconf 80' lang='lat' dir='ltr'><strong><em>penas</em></strong></span> <span class='ocrx_word' id='word_1_99' title='bbox 1008 1783 1200 1858; x_wconf 80' lang='lat' dir='ltr'><strong><em>dominam,</em></strong></span> <span class='ocrx_word' id='word_1_100' title='bbox 1222 1782 1260 1843; x_wconf 88' lang='lat' dir='ltr'><strong><em>at</em></strong></span> 
     </span>
     <span class='ocr_line' id='line_1_16' title="bbox 206 1883 1305 1979; baseline -0.001 -33"><span class='ocrx_word' id='word_1_101' title='bbox 206 1884 353 1948; x_wconf 74' lang='lat' dir='ltr'><strong><em>tricicum</em></strong></span> <span class='ocrx_word' id='word_1_102' title='bbox 375 1883 453 1964; x_wconf 77' lang='lat' dir='ltr'><strong><em>diis,</em></strong></span> <span class='ocrx_word' id='word_1_103' title='bbox 475 1889 596 1952; x_wconf 78' lang='lat' dir='ltr'><strong><em>alias</em></strong></span> <span class='ocrx_word' id='word_1_104' title='bbox 584 1905 621 1952; x_wconf 84' lang='lat' dir='ltr'><strong><em>aa</em></strong></span> <span class='ocrx_word' id='word_1_105' title='bbox 635 1891 751 1952; x_wconf 80' lang='lat' dir='ltr'><strong><em>terrae</em></strong></span> <span class='ocrx_word' id='word_1_106' title='bbox 765 1887 947 1952; x_wconf 78' lang='lat' dir='ltr'><strong><em>caetere</em></strong></span> <span class='ocrx_word' id='word_1_107' title='bbox 924 1903 1086 1968; x_wconf 69' lang='lat' dir='ltr'><strong><em>yaccamc</em></strong></span> <span class='ocrx_word' id='word_1_108' title='bbox 1107 1884 1160 1947; x_wconf 83' lang='lat' dir='ltr'><strong><em>ato</em></strong></span> <span class='ocrx_word' id='word_1_109' title='bbox 1173 1900 1258 1947; x_wconf 89' lang='lat' dir='ltr'><strong><em>con·</em></strong></span> <span class='ocrx_word' id='word_1_110' title='bbox 1304 1962 1305 1979; x_wconf 12' lang='grc' dir='ltr'>χ</span> 
     </span>
     <span class='ocr_line' id='line_1_17' title="bbox 207 1983 1305 2073; baseline -0.002 -25"><span class='ocrx_word' id='word_1_111' title='bbox 207 1985 370 2068; x_wconf 65' lang='lat' dir='ltr'><strong><em>parentum</em></strong></span> <span class='ocrx_word' id='word_1_112' title='bbox 389 1989 632 2073; x_wconf 70' lang='lat' dir='ltr'><strong><em>collectamque</em></strong></span> <span class='ocrx_word' id='word_1_113' title='bbox 652 1990 791 2072; x_wconf 78' lang='lat' dir='ltr'><strong><em>eulpae,</em></strong></span> <span class='ocrx_word' id='word_1_114' title='bbox 817 1993 900 2069; x_wconf 85' lang='lat' dir='ltr'><strong><em>pact</em></strong></span> <span class='ocrx_word' id='word_1_115' title='bbox 920 2006 1022 2072; x_wconf 80' lang='lat' dir='ltr'><strong><em>quam</em></strong></span> <span class='ocrx_word' id='word_1_116' title='bbox 1043 1986 1155 2050; x_wconf 66' lang='lat' dir='ltr'><strong><em>uocas</em></strong></span> <span class='ocrx_word' id='word_1_117' title='bbox 1176 1983 1258 2049; x_wconf 78' lang='lat' dir='ltr'><strong><em>tacis</em></strong></span> <span class='ocrx_word' id='word_1_118' title='bbox 1304 1986 1305 2057; x_wconf 63' lang='grc' dir='ltr'>ξ</span> 
     </span>
     <span class='ocr_line' id='line_1_18' title="bbox 206 2083 1305 2189; baseline 0.003 -41"><span class='ocrx_word' id='word_1_119' title='bbox 206 2086 360 2151; x_wconf 85' lang='lat' dir='ltr'><strong><em>relictum</em></strong></span> <span class='ocrx_word' id='word_1_120' title='bbox 381 2089 436 2167; x_wconf 83' lang='lat' dir='ltr'><strong><em>cit,</em></strong></span> <span class='ocrx_word' id='word_1_121' title='bbox 459 2089 608 2154; x_wconf 83' lang='lat' dir='ltr'><strong><em>caeteris</em></strong></span> <span class='ocrx_word' id='word_1_122' title='bbox 627 2105 691 2169; x_wconf 86' lang='lat' dir='ltr'><strong><em>per</em></strong></span> <span class='ocrx_word' id='word_1_123' title='bbox 711 2091 883 2176; x_wconf 72' lang='lat' dir='ltr'><strong><em>icampmac</em></strong></span> <span class='ocrx_word' id='word_1_124' title='bbox 902 2086 1127 2168; x_wconf 81' lang='lat' dir='ltr'><strong><em>torpentibus,</em></strong></span> <span class='ocrx_word' id='word_1_125' title='bbox 1149 2083 1258 2168; x_wconf 83' lang='lat' dir='ltr'><strong><em>Mop-</em></strong></span> <span class='ocrx_word' id='word_1_126' title='bbox 1304 2114 1305 2189; x_wconf 62' lang='lat' dir='ltr'><strong><em>p</em></strong></span> 
     </span>
     <span class='ocr_line' id='line_1_19' title="bbox 207 2185 1259 2276; baseline -0.003 -25"><span class='ocrx_word' id='word_1_127' title='bbox 207 2205 271 2252; x_wconf 79' lang='lat' dir='ltr'><strong><em>seu</em></strong></span> <span class='ocrx_word' id='word_1_128' title='bbox 291 2207 400 2254; x_wconf 85' lang='lat' dir='ltr'><strong><em>anam</em></strong></span> <span class='ocrx_word' id='word_1_129' title='bbox 421 2192 564 2256; x_wconf 76' lang='lat' dir='ltr'><strong><em>caratam</em></strong></span> <span class='ocrx_word' id='word_1_130' title='bbox 585 2192 772 2271; x_wconf 79' lang='lat' dir='ltr'><strong><em>monnicae,</em></strong></span> <span class='ocrx_word' id='word_1_131' title='bbox 795 2210 841 2257; x_wconf 87' lang='lat' dir='ltr'><strong><em>ne</em></strong></span> <span class='ocrx_word' id='word_1_132' title='bbox 862 2209 965 2276; x_wconf 74' lang='lat' dir='ltr'><strong><em>priam</em></strong></span> <span class='ocrx_word' id='word_1_133' title='bbox 986 2191 1130 2254; x_wconf 81' lang='lat' dir='ltr'><strong><em>deorum</em></strong></span> <span class='ocrx_word' id='word_1_134' title='bbox 1150 2185 1259 2252; x_wconf 81' lang='lat' dir='ltr'><strong><em>domi-</em></strong></span> 
     </span>
     <span class='ocr_line' id='line_1_20' title="bbox 206 2286 1260 2374; baseline -0.006 -20"><span class='ocrx_word' id='word_1_135' title='bbox 206 2307 330 2354; x_wconf 83' lang='lat' dir='ltr'><strong><em>numve</em></strong></span> <span class='ocrx_word' id='word_1_136' title='bbox 357 2306 455 2370; x_wconf 86' lang='lat' dir='ltr'><strong><em>opem</em></strong></span> <span class='ocrx_word' id='word_1_137' title='bbox 482 2294 723 2372; x_wconf 67' lang='lat' dir='ltr'><strong><em>expectarent,</em></strong></span> <span class='ocrx_word' id='word_1_138' title='bbox 756 2291 800 2357; x_wconf 84' lang='lat' dir='ltr'><strong><em>at</em></strong></span> <span class='ocrx_word' id='word_1_139' title='bbox 831 2293 990 2374; x_wconf 78' lang='lat' dir='ltr'><strong><em>atrisque</em></strong></span> <span class='ocrx_word' id='word_1_140' title='bbox 1022 2288 1164 2364; x_wconf 77' lang='lat' dir='ltr'><strong><em>deserti,</em></strong></span> <span class='ocrx_word' id='word_1_141' title='bbox 1198 2286 1260 2349; x_wconf 82' lang='lat' dir='ltr'><strong><em>aed</em></strong></span> 
     </span>
     <span class='ocr_line' id='line_1_21' title="bbox 207 2381 1259 2472; baseline -0.003 -19"><span class='ocrx_word' id='word_1_142' title='bbox 207 2381 341 2455; x_wconf 82' lang='lat' dir='ltr'><strong><em>sibimet</em></strong></span> <span class='ocrx_word' id='word_1_143' title='bbox 360 2396 401 2457; x_wconf 86' lang='lat' dir='ltr'><strong><em>ut</em></strong></span> <span class='ocrx_word' id='word_1_144' title='bbox 421 2393 501 2458; x_wconf 84' lang='lat' dir='ltr'><strong><em>duci</em></strong></span> <span class='ocrx_word' id='word_1_145' title='bbox 522 2395 658 2458; x_wconf 80' lang='lat' dir='ltr'><strong><em>coelesti</em></strong></span> <span class='ocrx_word' id='word_1_146' title='bbox 674 2394 864 2470; x_wconf 86' lang='lat' dir='ltr'><strong><em>crederent,</em></strong></span> <span class='ocrx_word' id='word_1_147' title='bbox 886 2393 997 2470; x_wconf 89' lang='lat' dir='ltr'><strong><em>primo</em></strong></span> <span class='ocrx_word' id='word_1_148' title='bbox 1011 2392 1113 2472; x_wconf 63' lang='lat' dir='ltr'><strong><em>capara</em></strong></span> <span class='ocrx_word' id='word_1_149' title='bbox 1128 2389 1259 2452; x_wconf 73' lang='lat' dir='ltr'><strong><em>aemilio</em></strong></span> 
     </span>
     <span class='ocr_line' id='line_1_22' title="bbox 208 2488 1258 2576; baseline -0.006 -22"><span class='ocrx_word' id='word_1_150' title='bbox 208 2488 274 2576; x_wconf 76' lang='lat' dir='ltr'><strong><em>[tat]</em></strong></span> <span class='ocrx_word' id='word_1_151' title='bbox 297 2493 492 2572; x_wconf 77' lang='lat' dir='ltr'><strong><em>credentes,</em></strong></span> <span class='ocrx_word' id='word_1_152' title='bbox 519 2498 725 2575; x_wconf 78' lang='lat' dir='ltr'><strong><em>praesentes</em></strong></span> <span class='ocrx_word' id='word_1_153' title='bbox 747 2495 906 2559; x_wconf 75' lang='lat' dir='ltr'><strong><em>miseriae</em></strong></span> <span class='ocrx_word' id='word_1_154' title='bbox 925 2493 1151 2572; x_wconf 76' lang='lat' dir='ltr'><strong><em>pepulissent</em></strong></span> <span class='ocrx_word' id='word_1_155' title='bbox 1194 2490 1258 2549; x_wconf 88' lang='lat' dir='ltr'><strong><em>lta-</em></strong></span> 
     </span>
     <span class='ocr_line' id='line_1_23' title="bbox 208 2589 1258 2677; baseline -0.004 -23"><span class='ocrx_word' id='word_1_156' title='bbox 208 2613 269 2672; x_wconf 86' lang='lat' dir='ltr'><strong><em>que</em></strong></span> <span class='ocrx_word' id='word_1_157' title='bbox 293 2595 454 2657; x_wconf 88' lang='lat' dir='ltr'><strong><em>Cornelius</em></strong></span> <span class='ocrx_word' id='word_1_158' title='bbox 477 2597 565 2672; x_wconf 89' lang='lat' dir='ltr'><strong><em>dicit,</em></strong></span> <span class='ocrx_word' id='word_1_159' title='bbox 594 2598 676 2676; x_wconf 91' lang='lat' dir='ltr'><strong><em>quod</em></strong></span> <span class='ocrx_word' id='word_1_160' title='bbox 698 2598 772 2676; x_wconf 90' lang='lat' dir='ltr'><strong><em>ipsis</em></strong></span> <span class='ocrx_word' id='word_1_161' title='bbox 795 2596 956 2677; x_wconf 79' lang='lat' dir='ltr'><strong><em>Aegyptiis</em></strong></span> <span class='ocrx_word' id='word_1_162' title='bbox 978 2593 1177 2676; x_wconf 81' lang='lat' dir='ltr'><strong><em>cogentibus,</em></strong></span> <span class='ocrx_word' id='word_1_163' title='bbox 1199 2589 1258 2651; x_wconf 86' lang='lat' dir='ltr'><strong><em>la-</em></strong></span> 
     </span>
     <span class='ocr_line' id='line_1_24' title="bbox 208 2687 1258 2777; baseline -0.005 -22"><span class='ocrx_word' id='word_1_164' title='bbox 208 2694 278 2755; x_wconf 85' lang='lat' dir='ltr'><strong><em>deei</em></strong></span> <span class='ocrx_word' id='word_1_165' title='bbox 300 2695 330 2755; x_wconf 90' lang='lat' dir='ltr'><strong><em>in</em></strong></span> <span class='ocrx_word' id='word_1_166' title='bbox 354 2695 475 2756; x_wconf 87' lang='lat' dir='ltr'><strong><em>deserta</em></strong></span> <span class='ocrx_word' id='word_1_167' title='bbox 497 2695 632 2774; x_wconf 82' lang='lat' dir='ltr'><strong><em>propulsi</em></strong></span> <span class='ocrx_word' id='word_1_168' title='bbox 654 2687 732 2757; x_wconf 87' lang='lat' dir='ltr'><strong><em>sint:</em></strong></span> <span class='ocrx_word' id='word_1_169' title='bbox 767 2704 799 2758; x_wconf 90' lang='lat' dir='ltr'><strong><em>et</em></strong></span> <span class='ocrx_word' id='word_1_170' title='bbox 820 2703 925 2777; x_wconf 91' lang='lat' dir='ltr'><strong><em>postea</em></strong></span> <span class='ocrx_word' id='word_1_171' title='bbox 947 2695 1105 2776; x_wconf 87' lang='lat' dir='ltr'><strong><em>subjungit</em></strong></span> <span class='ocrx_word' id='word_1_172' title='bbox 1127 2694 1258 2764; x_wconf 88' lang='lat' dir='ltr'><strong><em>incante,</em></strong></span> 
     </span>
     <span class='ocr_line' id='line_1_25' title="bbox 208 2793 1258 2878; baseline -0.005 -22"><span class='ocrx_word' id='word_1_173' title='bbox 208 2794 291 2873; x_wconf 79' lang='lat' dir='ltr'><strong><em>quod</em></strong></span> <span class='ocrx_word' id='word_1_174' title='bbox 324 2811 382 2876; x_wconf 92' lang='lat' dir='ltr'><strong><em>ope</em></strong></span> <span class='ocrx_word' id='word_1_175' title='bbox 415 2793 513 2875; x_wconf 83' lang='lat' dir='ltr'>Moysi</span> <span class='ocrx_word' id='word_1_176' title='bbox 547 2795 634 2856; x_wconf 91' lang='lat' dir='ltr'><strong><em>ducis</em></strong></span> <span class='ocrx_word' id='word_1_177' title='bbox 667 2796 699 2857; x_wconf 91' lang='lat' dir='ltr'><strong><em>in</em></strong></span> <span class='ocrx_word' id='word_1_178' title='bbox 727 2797 869 2878; x_wconf 78' lang='lat' dir='ltr'><strong><em>Aegypto</em></strong></span> <span class='ocrx_word' id='word_1_179' title='bbox 897 2797 1036 2858; x_wconf 85' lang='lat' dir='ltr'><strong><em>miserias</em></strong></span> <span class='ocrx_word' id='word_1_180' title='bbox 1063 2793 1258 2874; x_wconf 84' lang='lat' dir='ltr'><strong><em>pepulissent.</em></strong></span> 
     </span>
     <span class='ocr_line' id='line_1_26' title="bbox 210 2895 1260 2978; baseline -0.003 -23"><span class='ocrx_word' id='word_1_181' title='bbox 210 2897 312 2968; x_wconf 83' lang='lat' dir='ltr'><strong><em>Quare</em></strong></span> <span class='ocrx_word' id='word_1_182' title='bbox 346 2895 532 2973; x_wconf 83' lang='lat' dir='ltr'><strong><em>ostenditur,</em></strong></span> <span class='ocrx_word' id='word_1_183' title='bbox 570 2897 737 2976; x_wconf 86' lang='lat' dir='ltr'><strong><em>quaedam,</em></strong></span> <span class='ocrx_word' id='word_1_184' title='bbox 773 2916 855 2978; x_wconf 89' lang='lat' dir='ltr'><strong><em>quae</em></strong></span> <span class='ocrx_word' id='word_1_185' title='bbox 886 2916 942 2977; x_wconf 90' lang='lat' dir='ltr'><strong><em>per</em></strong></span> <span class='ocrx_word' id='word_1_186' title='bbox 974 2895 1102 2976; x_wconf 82' lang='lat' dir='ltr'><strong><em>Moysen</em></strong></span> <span class='ocrx_word' id='word_1_187' title='bbox 1135 2900 1260 2955; x_wconf 88' lang='lat' dir='ltr'><strong><em>strenue</em></strong></span> 
     </span>
     <span class='ocr_line' id='line_1_27' title="bbox 209 2993 1259 3074; baseline -0.003 -19"><span class='ocrx_word' id='word_1_188' title='bbox 209 3001 276 3056; x_wconf 86' lang='lat' dir='ltr'><strong><em>acta</em></strong></span> <span class='ocrx_word' id='word_1_189' title='bbox 309 3002 395 3073; x_wconf 89' lang='lat' dir='ltr'><strong><em>sant,</em></strong></span> <span class='ocrx_word' id='word_1_190' title='bbox 430 2993 525 3058; x_wconf 88' lang='lat' dir='ltr'><strong><em>luisse</em></strong></span> <span class='ocrx_word' id='word_1_191' title='bbox 558 2996 665 3058; x_wconf 81' lang='lat' dir='ltr'><strong><em>celata.</em></strong></span> <span class='ocrx_word' id='word_1_192' title='bbox 708 2997 782 3059; x_wconf 91' lang='lat' dir='ltr'><strong><em>item</em></strong></span> <span class='ocrx_word' id='word_1_193' title='bbox 812 2997 953 3060; x_wconf 88' lang='lat' dir='ltr'><strong><em>lustinus</em></strong></span> <span class='ocrx_word' id='word_1_194' title='bbox 980 2995 1109 3073; x_wconf 84' lang='lat' dir='ltr'><strong><em>adserit,</em></strong></span> <span class='ocrx_word' id='word_1_195' title='bbox 1143 2994 1259 3074; x_wconf 89' lang='lat' dir='ltr'><strong><em>pulsum</em></strong></span> 
     </span>
     <span class='ocr_line' id='line_1_28' title="bbox 208 3092 1259 3180; baseline -0.002 -24"><span class='ocrx_word' id='word_1_196' title='bbox 208 3111 310 3174; x_wconf 87' lang='lat' dir='ltr'><strong><em>aeque</em></strong></span> <span class='ocrx_word' id='word_1_197' title='bbox 332 3113 400 3157; x_wconf 91' lang='lat' dir='ltr'><strong><em>cam</em></strong></span> <span class='ocrx_word' id='word_1_198' title='bbox 424 3097 536 3176; x_wconf 89' lang='lat' dir='ltr'><strong><em>populo</em></strong></span> <span class='ocrx_word' id='word_1_199' title='bbox 558 3095 702 3178; x_wconf 81' lang='lat' dir='ltr'><strong><em>Moysen,</em></strong></span> <span class='ocrx_word' id='word_1_200' title='bbox 730 3115 817 3160; x_wconf 86' lang='lat' dir='ltr'><strong><em>sacra</em></strong></span> <span class='ocrx_word' id='word_1_201' title='bbox 843 3099 1064 3180; x_wconf 83' lang='lat' dir='ltr'><strong><em>Aegyptiarum</em></strong></span> <span class='ocrx_word' id='word_1_202' title='bbox 1088 3095 1184 3158; x_wconf 83' lang='lat' dir='ltr'><strong><em>luisse</em></strong></span> <span class='ocrx_word' id='word_1_203' title='bbox 1206 3092 1259 3155; x_wconf 87' lang='lat' dir='ltr'><strong><em>iu-</em></strong></span> 
     </span>
     <span class='ocr_line' id='line_1_29' title="bbox 209 3199 1260 3280; baseline -0.001 -24"><span class='ocrx_word' id='word_1_204' title='bbox 209 3203 322 3256; x_wconf 89' lang='lat' dir='ltr'><strong><em>ratum:</em></strong></span> <span class='ocrx_word' id='word_1_205' title='bbox 352 3215 432 3276; x_wconf 89' lang='lat' dir='ltr'><strong><em>quae</em></strong></span> <span class='ocrx_word' id='word_1_206' title='bbox 461 3199 629 3279; x_wconf 81' lang='lat' dir='ltr'><strong><em>Aegyptios</em></strong></span> <span class='ocrx_word' id='word_1_207' title='bbox 658 3201 750 3260; x_wconf 81' lang='lat' dir='ltr'><strong><em>arinis</em></strong></span> <span class='ocrx_word' id='word_1_208' title='bbox 777 3201 917 3280; x_wconf 91' lang='lat' dir='ltr'><strong><em>recipere</em></strong></span> <span class='ocrx_word' id='word_1_209' title='bbox 942 3199 1118 3277; x_wconf 81' lang='lat' dir='ltr'><strong><em>molientes,</em></strong></span> <span class='ocrx_word' id='word_1_210' title='bbox 1141 3202 1260 3256; x_wconf 85' lang='lat' dir='ltr'><strong><em>coactos</em></strong></span> 
     </span>
    </p>

    <p class='ocr_par' dir='ltr' id='par_1_5' title="bbox 71 3296 1300 4081">
     <span class='ocr_line' id='line_1_30' title="bbox 71 3296 1259 3378; baseline 0.001 -23"><span class='ocrx_word' id='word_1_211' title='bbox 71 3351 74 3356; x_wconf 85' lang='lat'>.</span> <span class='ocrx_word' id='word_1_212' title='bbox 208 3297 441 3375; x_wconf 86' lang='lat' dir='ltr'><strong><em>tempestatibus</em></strong></span> <span class='ocrx_word' id='word_1_213' title='bbox 463 3316 499 3359; x_wconf 87' lang='lat' dir='ltr'><strong><em>ao</em></strong></span> <span class='ocrx_word' id='word_1_214' title='bbox 526 3299 666 3378; x_wconf 90' lang='lat' dir='ltr'><strong><em>repulsos</em></strong></span> <span class='ocrx_word' id='word_1_215' title='bbox 692 3301 814 3361; x_wconf 90' lang='lat' dir='ltr'><strong><em>domurn</em></strong></span> <span class='ocrx_word' id='word_1_216' title='bbox 843 3300 971 3361; x_wconf 87' lang='lat' dir='ltr'><strong><em>redisse.</em></strong></span> <span class='ocrx_word' id='word_1_217' title='bbox 1015 3298 1053 3360; x_wconf 87' lang='lat' dir='ltr'><strong><em>Et</em></strong></span> <span class='ocrx_word' id='word_1_218' title='bbox 1074 3297 1125 3359; x_wconf 83' lang='lat' dir='ltr'><strong><em>liic</em></strong></span> <span class='ocrx_word' id='word_1_219' title='bbox 1147 3296 1259 3376; x_wconf 86' lang='lat' dir='ltr'><strong><em>aliquid</em></strong></span> 
     </span>
     <span class='ocr_line' id='line_1_31' title="bbox 209 3396 1258 3481; baseline 0.001 -25"><span class='ocrx_word' id='word_1_220' title='bbox 209 3396 353 3475; x_wconf 89' lang='lat' dir='ltr'><strong><em>amplius,</em></strong></span> <span class='ocrx_word' id='word_1_221' title='bbox 398 3397 456 3458; x_wconf 89' lang='lat' dir='ltr'><strong><em>etsi</em></strong></span> <span class='ocrx_word' id='word_1_222' title='bbox 494 3416 554 3459; x_wconf 91' lang='lat' dir='ltr'><strong><em>non</em></strong></span> <span class='ocrx_word' id='word_1_223' title='bbox 595 3405 706 3477; x_wconf 88' lang='lat' dir='ltr'><strong><em>totum,</em></strong></span> <span class='ocrx_word' id='word_1_224' title='bbox 742 3402 891 3481; x_wconf 88' lang='lat' dir='ltr'><strong><em>prodidit,</em></strong></span> <span class='ocrx_word' id='word_1_225' title='bbox 929 3399 1010 3481; x_wconf 91' lang='lat' dir='ltr'><strong><em>quod</em></strong></span> <span class='ocrx_word' id='word_1_226' title='bbox 1049 3398 1103 3459; x_wconf 91' lang='lat' dir='ltr'><strong><em>ille</em></strong></span> <span class='ocrx_word' id='word_1_227' title='bbox 1141 3397 1258 3458; x_wconf 87' lang='lat' dir='ltr'><strong><em>celavit.</em></strong></span> 
     </span>
     <span class='ocr_line' id='line_1_32' title="bbox 210 3496 1259 3580; baseline 0.001 -24"><span class='ocrx_word' id='word_1_228' title='bbox 210 3496 403 3577; x_wconf 83' lang='lat' dir='ltr'><strong><em>Quapropter</em></strong></span> <span class='ocrx_word' id='word_1_229' title='bbox 430 3498 625 3580; x_wconf 81' lang='lat' dir='ltr'><strong><em>quiadlloysi</em></strong></span> <span class='ocrx_word' id='word_1_230' title='bbox 648 3518 759 3580; x_wconf 86' lang='lat' dir='ltr'><strong><em>magno</em></strong></span> <span class='ocrx_word' id='word_1_231' title='bbox 782 3501 825 3562; x_wconf 93' lang='lat' dir='ltr'><strong><em>illi</em></strong></span> <span class='ocrx_word' id='word_1_232' title='bbox 847 3502 919 3564; x_wconf 92' lang='lat' dir='ltr'><strong><em>duci</em></strong></span> <span class='ocrx_word' id='word_1_233' title='bbox 943 3499 1151 3562; x_wconf 86' lang='lat' dir='ltr'><strong><em>testimonium</em></strong></span> <span class='ocrx_word' id='word_1_234' title='bbox 1174 3496 1259 3558; x_wconf 90' lang='lat' dir='ltr'><strong><em>amba</em></strong></span> 
     </span>
     <span class='ocr_line' id='line_1_33' title="bbox 210 3596 1259 3684; baseline 0.001 -27"><span class='ocrx_word' id='word_1_235' title='bbox 210 3596 369 3676; x_wconf 84' lang='lat' dir='ltr'><strong><em>dixerunt,</em></strong></span> <span class='ocrx_word' id='word_1_236' title='bbox 399 3597 437 3659; x_wconf 79' lang='lat' dir='ltr'><strong><em>al&gt;</em></strong></span> <span class='ocrx_word' id='word_1_237' title='bbox 466 3600 530 3678; x_wconf 87' lang='lat' dir='ltr'><strong><em>ipso</em></strong></span> <span class='ocrx_word' id='word_1_238' title='bbox 558 3601 637 3660; x_wconf 90' lang='lat' dir='ltr'><strong><em>sicut</em></strong></span> <span class='ocrx_word' id='word_1_239' title='bbox 666 3617 722 3684; x_wconf 83' lang='lat' dir='ltr'><strong><em>par</em></strong></span> <span class='ocrx_word' id='word_1_240' title='bbox 748 3617 818 3660; x_wconf 91' lang='lat' dir='ltr'><strong><em>enm</em></strong></span> <span class='ocrx_word' id='word_1_241' title='bbox 846 3608 878 3663; x_wconf 87' lang='lat' dir='ltr'><strong><em>et</em></strong></span> <span class='ocrx_word' id='word_1_242' title='bbox 903 3609 991 3682; x_wconf 86' lang='lat' dir='ltr'><strong><em>gesta</em></strong></span> <span class='ocrx_word' id='word_1_243' title='bbox 1019 3607 1051 3662; x_wconf 86' lang='lat' dir='ltr'><strong><em>ct</em></strong></span> <span class='ocrx_word' id='word_1_244' title='bbox 1078 3599 1159 3660; x_wconf 85' lang='lat' dir='ltr'><strong><em>diota</em></strong></span> <span class='ocrx_word' id='word_1_245' title='bbox 1181 3604 1259 3673; x_wconf 85' lang='lat' dir='ltr'><strong><em>sunt,</em></strong></span> 
     </span>
     <span class='ocr_line' id='line_1_34' title="bbox 208 3695 1259 3784; baseline 0 -25"><span class='ocrx_word' id='word_1_246' title='bbox 208 3695 412 3777; x_wconf 80' lang='lat' dir='ltr'><strong><em>proferentur.</em></strong></span> <span class='ocrx_word' id='word_1_247' title='bbox 458 3699 531 3761; x_wconf 85' lang='lat' dir='ltr'><strong><em>Cum</em></strong></span> <span class='ocrx_word' id='word_1_248' title='bbox 561 3699 704 3778; x_wconf 91' lang='lat' dir='ltr'><strong><em>populum</em></strong></span> <span class='ocrx_word' id='word_1_249' title='bbox 734 3699 808 3777; x_wconf 86' lang='lat' dir='ltr'><strong><em>Dei,</em></strong></span> <span class='ocrx_word' id='word_1_250' title='bbox 835 3701 894 3763; x_wconf 89' lang='lat' dir='ltr'><strong><em>hoc</em></strong></span> <span class='ocrx_word' id='word_1_251' title='bbox 922 3708 986 3780; x_wconf 90' lang='lat' dir='ltr'><strong><em>est,</em></strong></span> <span class='ocrx_word' id='word_1_252' title='bbox 1013 3715 1113 3784; x_wconf 87' lang='lat' dir='ltr'><strong><em>genus</em></strong></span> <span class='ocrx_word' id='word_1_253' title='bbox 1139 3697 1259 3778; x_wconf 88' lang='lat' dir='ltr'><strong><em>losepi,</em></strong></span> 
     </span>
     <span class='ocr_line' id='line_1_35' title="bbox 211 3794 1260 3880; baseline 0.001 -22"><span class='ocrx_word' id='word_1_254' title='bbox 211 3794 275 3879; x_wconf 80' lang='lat'>[55]</span> <span class='ocrx_word' id='word_1_255' title='bbox 303 3798 462 3880; x_wconf 82' lang='lat' dir='ltr'><strong><em>Aegyptii,</em></strong></span> <span class='ocrx_word' id='word_1_256' title='bbox 490 3801 578 3880; x_wconf 88' lang='lat' dir='ltr'><strong><em>cujus</em></strong></span> <span class='ocrx_word' id='word_1_257' title='bbox 606 3815 665 3878; x_wconf 89' lang='lat' dir='ltr'><strong><em>ope</em></strong></span> <span class='ocrx_word' id='word_1_258' title='bbox 695 3800 771 3862; x_wconf 87' lang='lat' dir='ltr'><strong><em>salvi</em></strong></span> <span class='ocrx_word' id='word_1_259' title='bbox 800 3809 902 3879; x_wconf 87' lang='lat' dir='ltr'><strong><em>erant,</em></strong></span> <span class='ocrx_word' id='word_1_260' title='bbox 931 3803 1058 3864; x_wconf 81' lang='lat' dir='ltr'><strong><em>servitio</em></strong></span> <span class='ocrx_word' id='word_1_261' title='bbox 1086 3818 1260 3879; x_wconf 89' lang='lat' dir='ltr'><strong><em>oppressum</em></strong></span> 
     </span>
     <span class='ocr_line' id='line_1_36' title="bbox 209 3895 1261 3978; baseline 0.002 -20"><span class='ocrx_word' id='word_1_262' title='bbox 209 3895 314 3960; x_wconf 89' lang='lat' dir='ltr'><strong><em>labore</em></strong></span> <span class='ocrx_word' id='word_1_263' title='bbox 347 3901 536 3973; x_wconf 88' lang='lat' dir='ltr'><strong><em>cruciarent,</em></strong></span> <span class='ocrx_word' id='word_1_264' title='bbox 571 3899 698 3978; x_wconf 85' lang='lat' dir='ltr'><strong><em>insuper</em></strong></span> <span class='ocrx_word' id='word_1_265' title='bbox 728 3903 820 3963; x_wconf 87' lang='lat' dir='ltr'><strong><em>otiam</em></strong></span> <span class='ocrx_word' id='word_1_266' title='bbox 854 3903 891 3964; x_wconf 88' lang='lat' dir='ltr'><strong><em>od</em></strong></span> <span class='ocrx_word' id='word_1_267' title='bbox 925 3901 1093 3963; x_wconf 88' lang='lat' dir='ltr'><strong><em>necandam</em></strong></span> <span class='ocrx_word' id='word_1_268' title='bbox 1125 3899 1261 3961; x_wconf 87' lang='lat' dir='ltr'><strong><em>sobolem</em></strong></span> 
     </span>
     <span class='ocr_line' id='line_1_37' title="bbox 209 3998 1300 4081; baseline 0.003 -23"><span class='ocrx_word' id='word_1_269' title='bbox 209 4013 310 4076; x_wconf 88' lang='lat' dir='ltr'><strong><em>snam,</em></strong></span> <span class='ocrx_word' id='word_1_270' title='bbox 344 3999 461 4062; x_wconf 89' lang='lat' dir='ltr'><strong><em>crudeli</em></strong></span> <span class='ocrx_word' id='word_1_271' title='bbox 495 3998 623 4076; x_wconf 88' lang='lat' dir='ltr'><strong><em>imperio</em></strong></span> <span class='ocrx_word' id='word_1_272' title='bbox 656 4010 821 4081; x_wconf 80' lang='lat' dir='ltr'><strong><em>cogerent,</em></strong></span> <span class='ocrx_word' id='word_1_273' title='bbox 854 4003 965 4064; x_wconf 88' lang='lat' dir='ltr'><strong><em>dimitti</em></strong></span> <span class='ocrx_word' id='word_1_274' title='bbox 999 4003 1086 4064; x_wconf 86' lang='lat' dir='ltr'><strong><em>Deus</em></strong></span> <span class='ocrx_word' id='word_1_275' title='bbox 1118 4000 1261 4081; x_wconf 89' lang='lat' dir='ltr'><strong><em>populum</em></strong></span> <span class='ocrx_word' id='word_1_276' title='bbox 1299 4036 1300 4039; x_wconf 60' lang='lat'><em>=</em></span> 
     </span>
    </p>
   </div>
   <div class='ocr_carea' id='block_1_5' title="bbox 0 0 1323 4434">
    <p class='ocr_par' dir='ltr' id='par_1_6' title="bbox 0 0 1323 4434">
     <span class='ocr_line' id='line_1_38' title="bbox 0 0 1323 4434; baseline 0 0"><span class='ocrx_word' id='word_1_277' title='bbox 0 0 1323 4434; x_wconf 95' lang='lat' dir='ltr'><strong><em> </em></strong></span> 
     </span>
    </p>
   </div>
  </div>
 </body>
</html>
