2634 4434
686 319 755 390 152

617 417 825 430 m

194 556 452 620 communicarat
473 554 559 618 urbis
580 553 748 635 etllyrsae
770 552 924 615 inminens
946 553 1032 630 mari,
1056 552 1139 632 quod
1162 569 1248 615 mare

193 665 335 738 stagnum
356 657 518 734 vocabant,
540 655 686 736 moniam
702 654 826 736 objectu
842 659 1001 733 protentae
1016 652 1142 734 liuguae
1158 661 1248 716 ban-

193 756 347 837 quillatur.
381 755 530 819 consutas
551 755 648 836 igitur
669 753 809 835 quamvis
829 753 1015 833 aliquantam
1037 755 1115 816 muri
1131 761 1249 833 partem

193 863 365 936 quassatam
387 856 536 919 machinis
557 855 740 930 diruissent,
768 861 870 916 tamen
898 872 916 918 a
944 853 1251 936 Carthaginiensibus

191 956 268 1018 uicti
288 973 326 1020 ae
346 957 462 1038 repulsi
482 963 569 1018 sunt:
600 971 678 1036 quos
705 952 860 1036 fugientes
890 954 994 1035 Scipio
1021 954 1147 1034 repulsu
1168 956 1251 1017 intra

192 1072 297 1119 muros
318 1056 407 1120 hoste
428 1054 574 1119 defendit.
618 1054 808 1117 Censorinus
830 1057 861 1117 in
890 1053 1003 1116 Urbem
1032 1053 1134 1116 rediit.
1177 1053 1276 1116 bia--

191 1155 287 1219 uilius
318 1157 432 1220 amima
461 1155 646 1238 Cartbagine
678 1155 716 1217 ad
742 1153 946 1218 Asdrubalem
974 1173 1058 1218 arma
1086 1155 1250 1217 convertit.

194 1255 298 1336 Scipio
318 1255 500 1320 Massauissa
523 1262 643 1317 mortuo
666 1254 747 1316 inter
768 1241 969 1318 Massanissae
991 1253 1070 1318 filios
1092 1260 1155 1317 tres
1176 1253 1250 1316 Nu-

194 1354 306 1418 midiae
334 1375 465 1438 regnum
499 1357 616 1418 divisit:
652 1371 715 1434 quo
747 1355 830 1417 cirea
863 1355 1077 1437 Carthaginem
1110 1371 1250 1432 reverso,

192 1451 336 1518 Manilius
357 1457 507 1537 Tezagam
529 1438 637 1517 urbem
660 1455 849 1536 expugnavit
868 1463 963 1536 atque
985 1453 1119 1535 diripuit.
1156 1455 1250 1517 Duo-

195 1553 294 1618 decim
327 1557 421 1618 millia
455 1555 499 1618 ibi
532 1554 677 1618 Afrorum
711 1574 801 1618 caesa
832 1573 902 1640 serg
922 1555 1016 1618 millia
1049 1561 1135 1636 capta
1168 1562 1251 1620 sunt.

65 1667 69 1676 ⁴
192 1648 348 1732 Asdrubal
368 1657 539 1721 Poenorum
562 1655 745 1738 imperator,
768 1655 969 1730 Massanissae
992 1673 1099 1737 nepos,
1121 1653 1250 1718 subsel-

193 1751 305 1817 liorum
341 1756 520 1841 fragmentis
557 1759 588 1820 in
622 1757 707 1820 curia
740 1776 757 1818 a
789 1757 854 1818 suis
887 1764 1010 1837 propter
1041 1757 1251 1837 suspicionem
1315 1795 1316 1818 2

193 1855 375 1934 proditionis
404 1859 525 1920 occisus
554 1864 609 1920 est.
646 1855 817 1920 ¹luventius
851 1863 974 1936 praetor
1005 1859 1037 1920 in
1069 1856 1252 1919 Macedonia

192 1953 341 2026 aduersus
369 1957 658 2037 Pseudophilippum
689 1974 874 2038 congressus
907 1975 976 2024 cum
1004 1957 1135 2024 maxima
1162 1956 1252 2020 clade
1315 1995 1316 2006 .

193 2055 289 2118 totius
309 2055 438 2122 Romani
458 2058 615 2121 exereitus
635 2055 819 2122 interfectus
841 2065 897 2123 est.

193 2335 283 2425 ran
506 2304 705 2449 caput
752 2307 933 2420 xxrtt
994 2268 1033 2410 .’

213 2503 271 2576 De
297 2506 518 2600 Carthaginis
545 2514 747 2626 miseranda
772 2513 958 2598 dejectione
984 2535 1027 2582 ac
1051 2515 1229 2584 deletione.

277 2663 369 2727 Anno
390 2667 429 2730 ab
444 2669 526 2732 Urbe
548 2671 671 2733 condita
687 2669 799 2748 novt,
821 2669 922 2731 idest
944 2687 1025 2731 anno
1048 2673 1249 2755 quinquage-

191 2761 271 2825 simo
292 2773 361 2845 post
382 2767 497 2830 bellum
519 2769 667 2833 Punicum
694 2769 880 2847 seeundum,
908 2769 961 2833 Cn.
989 2769 1134 2834 Cornelio
1160 2772 1249 2835 Len-

192 2864 260 2926 tulo
279 2861 311 2929 t..
333 2865 479 2929 Mummio
502 2867 584 2932 coss.
606 2871 635 2933 P.
657 2869 760 2951 Scipio
781 2871 948 2950 superioris
970 2871 1044 2933 anni
1060 2871 1126 2934 (los.
1143 2873 1251 2936 delere
1310 2859 1311 2944 l

194 2961 408 3045 cartmgtuem
428 2983 572 3047 suprema
598 2977 682 3032 sorte
710 2970 833 3033 molitus
862 2970 1030 3034 cothonem
1057 2973 1249 3054 ingreditur:

192 3063 247 3124 ubi
269 3063 341 3125 dam
362 3077 420 3127 sex
441 3067 597 3134 continuis
610 3070 722 3134 diebus
737 3071 941 3152 noctibusque
956 3079 1119 3154 pugnatur,
1143 3072 1251 3136 ultima

144 3244 148 3252 ι
194 3159 464 3245 carthaginienses
491 3168 665 3250 desperatio
692 3171 731 3234 ad
758 3171 947 3237 deditionem
976 3175 1069 3234 traxit
1096 3180 1251 3253 petentes,
1307 3111 1309 3246 Ι

192 3271 242 3342 ut,
266 3281 343 3346 qnos
364 3265 439 3331 belli
460 3267 565 3336 clades
585 3271 723 3351 reliquos
745 3270 835 3349 fecit,
863 3273 971 3335 saltem
999 3274 1118 3336 servire
1146 3273 1249 3336 tieem.

192 3363 324 3428 Primam
357 3383 468 3448 agmen
501 3372 665 3437 mulierum
697 3373 771 3434 satis
797 3371 989 3451 miserabile,
1015 3374 1152 3435 virorum
1183 3380 1251 3454 post

193 3465 296 3546 magis·
317 3463 457 3530 deforma
483 3469 652 3535 descendit.
697 3472 772 3534 Nam
798 3472 895 3536 foisse
923 3472 1086 3537 mulierum
1113 3474 1249 3556 viginti-

194 3564 450 3645 quinquemillia
471 3571 608 3634 virorum
629 3571 756 3653 triginta
778 3572 887 3652 millia,
911 3575 1076 3636 memoriae
1104 3574 1251 3636 uaditum

194 3671 248 3728 ast.
284 3661 352 3730 Rex
372 3668 525 3734 Asdrubal
546 3687 582 3735 sa
603 3671 686 3733 ultro
706 3670 799 3733 dedit.
836 3673 1035 3756 Transfugae,
1052 3675 1105 3754 qui
1120 3673 1248 3737 Aescu·

193 3763 266 3844 laplf
288 3767 434 3848 templum
456 3775 691 3850 aucupaverunt,
713 3770 886 3834 voluntario
901 3775 1081 3854 praecipitio
1096 3773 1161 3836 dati
1175 3775 1249 3854 igue

194 3867 346 3928 consumti
367 3875 447 3932 sunt.
491 3868 575 3930 Uxor
600 3868 781 3933 Asdrubalis
807 3887 843 3934 se
869 3873 1009 3954 duosque
1035 3873 1115 3936 lilios
1142 3889 1249 3936 secum

193 3963 278 4027 virili
299 3966 406 4029 dolore
427 3973 460 4028 et
479 3964 584 4030 harere
606 3966 742 4035 femineo
763 3973 795 4034 in
816 3973 949 4040 medium
961 3974 1039 4055 jecit
1053 3973 1247 4037 incendium:
