2634 4434
565 321 637 388 287

21 571 28 579 “
66 555 305 620 interfectorem
338 557 532 635 Numeriani,
566 577 657 620 manu
689 577 744 622 sua
778 559 942 623 interfecit
988 563 1131 627 Carinum

65 657 198 737 deinde,
222 677 311 739 quem
336 660 431 720 Carus
454 659 614 721 Caesarem
638 661 669 720 in
693 659 840 722 Dalmatia
862 661 1041 742 reliquerat,
1069 664 1130 725 lla-

64 760 186 836 gitiose
213 762 366 821 viventem
391 759 570 821 difficillimo
591 759 673 820 bello
696 768 728 822 et
750 762 881 822 maximo
903 761 1009 823 labore
1031 780 1129 841 supe-

64 860 162 920 ravit.
207 859 325 922 Dehinc
354 879 422 921 cum
452 863 484 921 in
508 859 604 922 Gallia
625 860 783 922 Amandus
806 867 837 922 et
859 861 1007 924 Aelianus
1030 861 1130 924 cdlle-

66 967 121 1019 ela
138 961 360 1020 rusticanorum
378 980 478 1036 manu,
500 979 578 1039 quos
592 961 750 1022 Vacaudas
767 962 926 1038 uocabant,
942 962 1132 1041 perniciosos

65 1061 222 1121 tumultus
234 1064 462 1136 excitavissent,
474 1061 701 1134 Maximianum,
717 1069 925 1140 cognomento
934 1061 1131 1138 Herculeum,

66 1159 236 1222 Caesarem
260 1160 350 1236 lecit,
380 1162 523 1239 misitque
550 1161 582 1218 in
611 1158 740 1219 Gallias:
771 1160 824 1238 qui
852 1158 942 1220 facile
965 1163 1131 1242 agrestium

64 1260 230 1323 hominum
262 1260 431 1338 imperitam
460 1266 491 1320 et
518 1258 675 1320 confusam
705 1277 826 1321 manum
862 1260 982 1322 militari
1017 1264 1130 1324 virtute

63 1360 274 1437 compescuit.
309 1359 426 1420 Deinde
443 1359 607 1420 Carausius
623 1360 757 1439 quidam,
773 1379 889 1440 genere
905 1361 1027 1440 quidem
1045 1357 1133 1444 [526]

62 1458 208 1534 intimus,
231 1459 284 1520 scd
308 1458 436 1520 consilio
459 1467 490 1519 et
512 1477 604 1520 manu
626 1467 773 1538 promtuS,
797 1479 865 1522 cum
885 1461 923 1523 ad
939 1461 1131 1522 cluservanda

64 1559 191 1620 Oceani
226 1559 331 1635 litora,
365 1577 444 1638 quae
477 1566 551 1629 tuno
584 1559 691 1620 Franci
720 1567 751 1621 et
774 1561 912 1622 Saxones
934 1560 1130 1636 infestabant,

65 1661 192 1738 positus
220 1660 288 1738 plns
315 1660 346 1720 in
370 1659 553 1743 perniciem,
577 1663 723 1739 quam-in
746 1659 915 1738 prolectam
940 1659 1129 1739 reipublicae

67 1767 191 1840 ageret,
214 1765 348 1838 ereptam
373 1759 577 1838 praedonibus
597 1761 741 1840 ‘praedam
766 1760 848 1820 nulla
872 1779 912 1822 ex
934 1768 1019 1839 parte
1034 1761 1130 1821 resti-

68 1851 190 1920 tuendo
212 1861 358 1936 dominis,
382 1860 436 1921 sad
459 1860 518 1921 sibi
545 1861 602 1922 soli
630 1860 831 1937 vindicando,
858 1861 999 1922 accendit
1025 1861 1130 1940 suspi-

69 1963 212 2037 cionem,
247 1960 329 2040 quod
363 1960 445 2040 ipsos
478 1979 603 2041 quoque
631 1960 735 2022 hostes
761 1961 797 2022 ad
826 1962 1027 2023 incursandos
1055 1961 1134 2022 lines

69 2059 182 2121 artifici
213 2060 402 2141 negligentia
435 2064 640 2141 permitteret:
677 2062 875 2141 quamobrem
901 2082 918 2124 a
947 2062 1131 2124 Maximiano

63 2163 175 2242 jussus
209 2162 324 2236 occidi,
358 2178 520 2239 purpuram
554 2165 663 2223 sumsit
700 2179 736 2232 ac
763 2163 934 2224 Britannias
962 2162 1134 2252 occupavit,

36 2259 171 2341 ·lgitnr
197 2279 253 2342 per
279 2277 385 2321 omnes
413 2261 540 2321 Bomani
569 2261 691 2340 lmperii
719 2259 796 2321 lines
822 2261 991 2322 subitarum
1022 2260 1131 2321 turha·

69 2363 189 2422 tionem
212 2361 351 2440 fragores
373 2367 627 2438 concrepuerunt.
666 2359 810 2421 Carausio
826 2360 994 2424 rebellante
1011 2361 1040 2421 in
1057 2359 1130 2420 Bri-

71 2463 197 2538 tanniis,
221 2460 362 2521 Achilleo
386 2461 416 2519 in
439 2459 589 2537 Aegypto,
612 2476 682 2519 cam
705 2465 736 2518 et
748 2458 884 2520 Africam
902 2461 1130 2538 Quinquegen-

70 2561 151 2622 tiani
184 2560 381 2631 iniesmrent;
416 2557 549 2618 Narseus
582 2560 673 2621 etiam
703 2575 760 2617 rex
787 2559 944 2619 Persarum
972 2559 1132 2619 Orientem

69 2662 158 2723 bello
181 2664 342 2738 premeret.
379 2656 445 2718 lloc
463 2657 600 2735 periculo
615 2656 825 2720 Diocletianus
840 2667 1005 2736 permotus,
1029 2657 1131 2719 Maxi-

71 2763 210 2822 mianum
222 2757 407 2825 llerculeum
424 2775 464 2818 ex
479 2758 609 2818 Caesare
624 2757 699 2818 lecit
714 2758 905 2838 Augustum3
922 2759 1132 2820 Constantium

72 2847 151 2922 vero
172 2867 205 2920 et
226 2858 441 2920 Maximianum
459 2857 624 2937 Galerium,
648 2856 794 2919 Caesares
817 2859 899 2939 legit.
938 2859 1132 2922 Constantius

74 2960 221 3022 llerculei
241 2958 418 3020 Maximiani
439 2959 610 3040 privignam
632 2957 820 3020 Theodoram
844 2960 963 3038 accepit
993 2977 1131 3038 uxorem,

75 3079 117 3122 ex
138 3079 197 3140 pua
220 3077 277 3125 sex
298 3059 392 3136 lilios,
416 3059 525 3120 iratres
548 3058 757 3134 Constantini,
780 3059 921 3122 sustulit.»
956 3058 1131 3139 Carausius,

75 3161 233 3223 Britannia
259 3161 318 3222 sibi
345 3176 400 3238 per
434 3166 550 3238 septem
584 3173 681 3218 annos
715 3155 879 3219 fortissime
910 3158 1065 3220 vindicata
1097 3179 1134 3222 ac

75 3270 211 3339 retenta,
246 3261 368 3322 tandem
401 3259 509 3320 lraude
542 3257 654 3319 Allecti
687 3259 764 3320 sccii
791 3259 840 3320 sui
867 3255 1048 3320 interfectus
1077 3265 1132 3322 est.

77 3363 216 3424 Allectus
249 3369 353 3440 postea
387 3366 522 3438 ereptam
553 3357 699 3418 Carausio
727 3357 856 3418 insulam
885 3377 941 3438 per
967 3359 1133 3421 triennium

77 3465 193 3538 tenuit,
222 3479 313 3541 quem
337 3458 573 3538 Asclepiodotus
601 3455 775 3536 praelectus
797 3459 950 3537 praetorio
973 3461 1133 3540 oppressit,

76 3564 327 3641 Britanniamque
349 3567 418 3640 post
438 3560 545 3621 decem
568 3571 665 3618 annos
687 3557 811 3636 recepit.
850 3559 1043 3622 Constantius
1059 3573 1134 3620 vcro

78 3665 191 3724 Caesar
223 3663 255 3723 in
288 3660 400 3737 Gallia,
434 3661 533 3739 primo
560 3657 676 3737 praelio
705 3657 742 3719 ab
770 3658 947 3720 Alamannis
976 3657 1134 3737 prclligatc

80 3764 219 3826 exercitu
242 3778 310 3839 suo,
332 3762 387 3825 vix
408 3761 474 3840 ipse
495 3765 654 3837 surreptus
676 3766 737 3820 est:
761 3758 897 3821 secundo
913 3765 1014 3818 autem
1030 3763 1135 3818 secuta

79 3871 128 3924 est
149 3864 222 3925 satis
244 3862 381 3924 secunda
402 3861 538 3922 victoria.
582 3857 657 3920 Mam
679 3859 785 3938 paucis
814 3856 896 3918 horis
924 3873 1019 3918 sexa·
1049 3852 1134 3939 [52η

79 3955 167 4045 ginta
192 3962 286 4025 millia
308 3961 547 4024 Alamannorum
570 3975 659 4020 caesa
681 3955 866 4019 referantur.
910 3957 951 4019 At
973 3956 1135 4020 Maximia-
