2634 4434
583 285 657 354 249

514 382 724 396 un-——n——n

75 520 205 603 legatio
228 520 260 582 in
282 520 383 583 medio
412 521 540 584 Oriente
567 522 649 603 apud
675 521 863 602 Babylonem
890 523 1148 603 contemplatione

73 623 175 700 pacis
202 621 292 697 adiit,
320 623 361 684 ita
387 623 469 684 bunc
491 622 572 702 apud
593 606 769 702 Hispaniam
793 622 826 683 in
848 623 1017 686 occidentis
1039 624 1147 686 ultimo

73 723 221 802 supplex
237 741 312 784 oum
333 723 487 804 gentilitio
510 741 639 786 munere
662 740 738 786 eous
764 723 857 786 lndus
886 729 918 784 et
946 721 1058 806 Scytha
1084 722 1146 786 bo-

72 839 163 884 reus
192 823 297 886 oravit.
347 823 528 887 Cantabrico
560 824 643 887 bello
677 842 733 905 por
764 824 904 906 quinque
936 841 1034 888 annos
1067 830 1146 901 acto,

73 928 216 1003 totaque
237 924 381 1004 Hispania
408 925 441 989 in
467 934 623 990 aeternam
650 943 764 1008 paoem¹
785 944 854 988 oum
884 926 1014 1006 quadam
1041 924 1145 1004 respi-

72 1025 208 1086 ratione
235 1023 424 1088 lassitudinis
450 1027 598 1088 reclinata
625 1045 663 1088 ac
690 1025 841 1106 reposita,
876 1025 988 1088 Caesar
1020 1025 1147 1087 Romam

72 1123 189 1187 rediit.
229 1125 348 1200 Quibus
371 1125 463 1188 etiam
485 1125 595 1187 diebus
617 1125 712 1188 multa
734 1143 789 1206 per
811 1141 857 1203 se,
879 1125 1036 1205 multaque
1058 1121 1145 1206 [tlt]

72 1242 143 1304 per
173 1225 269 1287 duces
298 1233 330 1286 et
358 1225 477 1306 legatos
505 1225 587 1288 bella
612 1227 717 1308 gessit
760 1224 835 1288 Nam
864 1226 945 1288 inter
972 1231 1092 1288 ceteros
1114 1231 1147 1288 et

71 1324 157 1388 Piso
190 1325 355 1388 adversum
384 1325 560 1389 Vindelicos
592 1327 704 1389 missus
737 1334 792 1390 est.
849 1325 967 1400 Quibus
999 1325 1145 1402 subactis,

71 1427 189 1486 victor
221 1426 259 1488 ad
292 1426 453 1489 Gaesarem
486 1427 670 1509 Lugdunum
702 1429 796 1491 venit.
853 1426 1026 1490 Pannonios
1063 1444 1145 1490 novo

73 1532 173 1588 motu
201 1526 442 1589 intumescentes
473 1529 630 1607 Tiberius,
657 1529 816 1610 privignus
847 1527 1001 1607 Caesaris,
1024 1545 1143 1591 ornen-

74 1626 204 1690 tissime
226 1628 324 1690 caede
350 1628 472 1692 delerit.
516 1627 664 1708 idemque
692 1629 838 1692 continuo
867 1628 1034 1691 Germanos
1060 1628 1144 1692 bello

77 1717 268 1812 arripuitle
289 1727 402 1813 quibus
425 1728 625 1810 quadraginta
647 1729 743 1792 millia
766 1729 954 1809 captivorum
969 1729 1069 1792 victor
1083 1729 1143 1791 ab·
1166 1721 1314 1778 [eir-i*

76 1827 182 1915 duxit
198 1821 317 1915 {Quod
327 1837 439 1892 revera
461 1829 575 1892 bellum
598 1831 764 1893 maximum
779 1838 811 1892 ct
826 1828 1144 1894 formidolosissimum
1182 1841 1278 1916 suy-
1293 1815 1314 1869 ἕ

78 1929 262 2009 quindecim
284 1930 461 2012 legionibus
481 1949 538 2021 per
559 1931 726 1994 triennium
749 1936 870 2014 gestum
898 1939 960 2012 est,
990 1949 1050 1996 neo
1076 1931 1144 1995 lere
1246 1903 1286 1954 ³⁵·

77 2029 182 2092 ullum
205 2031 301 2113 majus
324 2031 451 2110 bellum,
473 2032 554 2096 siout
568 2031 737 2097 Suetonius
758 2033 938 2112 adtestatus,
960 2039 1029 2114 post
1043 2033 1142 2095 Puni-

78 2147 155 2192 oum
177 2126 264 2229 fuiti
280 2119 476 2197 Sub'eodem
497 2152 574 2196 vero
595 2142 734 2214 temporo
750 2135 936 2207 Quinctilius
951 2134 1050 2196 Varus
1072 2151 1142 2194 oum
1181 2134 1258 2179 'it-⁴·
1292 2137 1314 2186 i·

77 2231 182 2294 tribus
203 2233 380 2316 legionibus
403 2253 421 2296 a
444 2232 605 2297 Germanis
629 2232 869 2309 rebellantibus,
896 2234 973 2295 mira
999 2231 1143 2312 superbia
1201 2212 1252 2252 ⁵³³
1279 2219 1314 2252 ⁶³

78 2338 178 2412 atque
208 2335 337 2396 avaritia
363 2335 396 2396 in
424 2335 580 2415 subjectos
612 2351 725 2415 agens,
757 2333 898 2396 funditus
929 2333 1050 2396 deletus
1084 2339 1142 2408 est,

64 2427 177 2513 quam
208 2433 399 2542 reipublicae
428 2433 546 2494 cladem
576 2433 687 2495 Caesar
714 2431 874 2513 Augustus
902 2433 980 2494 adso
1006 2433 1143 2512 graviter
1191 2435 1239 2478 r
1254 2436 1265 2465 '·

70 2522 165 2611 tulit,
187 2540 223 2596 ut
239 2511 338 2612 'saepe
358 2533 497 2612 pervim
518 2531 634 2594 doloris
656 2538 747 2612 caput
765 2533 874 2627 parieti
890 2531 1049 2609 collidens,
1072 2531 1141 2593 ela-

77 2640 199 2695 maret.
230 2633 378 2707 Quinotili
404 2632 501 2710 Vere,
528 2631 624 2695 redde
651 2631 819 2714 legiones.
847 2631 1039 2712 Bosporanos
1065 2649 1141 2695 vero

79 2735 221 2815 Agrippa
243 2734 417 2813 superavit,
444 2741 476 2796 et
496 2733 594 2815 signis
614 2733 777 2811 Romanis,
807 2752 886 2814 quae
915 2732 959 2794 illi
987 2735 1140 2814 quondam

81 2835 143 2897 sub
164 2833 340 2896 Mithridate
361 2835 560 2915 sustulerant,
582 2834 666 2897 bello
687 2836 877 2915 recuperatis
899 2833 997 2896 victos
1019 2834 1058 2896 ad
1079 2834 1140 2896 de·

3 3003 7 3010 ,
83 2935 233 2998 ditionem
256 2935 367 3016 coegit.
386 2917 514 3013 ξΡιιιιιί,
538 2938 627 3016 quasi
648 2943 713 2998 toto
735 2942 887 3000 terrarum
909 2934 983 2998 orbe
1006 2936 1056 3018 vel
1079 2935 1139 2997 do·
1176 2933 1199 2972 '³’
1278 2947 1303 3020 “t.

83 3036 159 3098 mito
185 3035 238 3098 vel
264 3042 372 3116 pacato
391 3035 535 3096 ‘omnium
562 3037 660 3099 oculis
689 3038 901 3118 signarentur,
929 3044 1023 3118 atque
1051 3038 1140 3100 inse
1173 3017 1274 3071 Μ’·
1310 3021 1314 3072 ³

46 3166 49 3170 ⁴
84 3135 167 3200 solos
188 3137 288 3200 omnis
310 3136 399 3217 vigor
419 3133 548 3197 Romani
569 3137 691 3216 imperii
712 3136 880 3198 vertendus
902 3144 1003 3212 esset,
1027 3138 1140 3217 quippe
1221 3123 1231 3144 “

86 3255 165 3319 quos
176 3238 304 3318 pristina
320 3236 517 3299 ulciscendae
533 3236 711 3300 Crassianae
730 3237 832 3299 caedis
848 3236 1036 3297 conscientia
1051 3253 1139 3297 mor-

86 3338 193 3416 debat,
219 3339 301 3401 ultro
323 3339 429 3420 signa,
452 3356 533 3418 quae
555 3337 665 3431 Crasso
686 3335 851 3400 interiecto
873 3334 1079 3416 abstulerant,
1101 3338 1188 3424 ad
1311 3413 1314 3424 ⁴

87 3437 247 3525 Caesarem
270 3440 471 3504 remiserunt:
482 3424 679 3539 regiisque
670 3424 848 3502 obsidibus
876 3439 1010 3503 traditis
1005 3427 1138 3502 firmum
1190 3400 1290 3507 ἒ

86 3538 196 3602 foedus
218 3519 301 3603 fideti
323 3540 548 3622 supplicatione
570 3547 758 3603 meruerunt.
