2634 4434
535 350 539 359 ‘
563 327 633 398 167

494 427 702 439 *η

66 555 166 648 pulit(
199 565 341 630 Difficilis
362 572 437 628 tuuc
458 565 491 626 in
513 564 613 627 relatu
635 563 726 640 lides,
755 560 957 624 Numantinos
977 567 1009 624 ct
1030 558 1124 643 iuga·

65 687 144 730 vere
173 676 205 732 et
232 667 388 750 fugientes
414 664 522 728 videre
548 663 685 728 Romani.
729 661 816 726 Unde
845 661 984 744 quamvis
1012 659 1125 740 Scipio,

65 769 141 848 quia
168 775 293 848 praeter
316 785 402 848 spem
431 766 600 845 acciderat,
631 765 763 828 laetatus
796 771 828 827 et
853 763 1015 846 gloriatus
1032 768 1125 839 esset,

65 876 172 930 tamen
194 868 272 929 ultra
294 866 409 929 bellum
431 867 581 929 adversus
601 883 657 930 eos
679 866 853 929 audendum
877 881 939 927 non
962 878 1032 926 esse
1047 877 1125 941 pro-

64 967 170 1030 lessus
191 975 246 1031 est.
290 967 398 1048 ltaque
421 967 524 1048 Scipio
546 966 749 1030 insistendum
772 954 938 1046 inopinatis
959 962 1125 1045 proventi-

63 1068 123 1129 bus
147 1069 280 1154 ccusuit,
301 1069 410 1130 urbem
433 1068 527 1147 ipsam
552 1066 714 1129 obsidione
737 1066 904 1143 conclusit,
927 1064 1009 1128 fossa
1032 1063 1126 1126 etiarn

63 1167 286 1245 circumdedit,
315 1168 404 1247 cujus
431 1166 559 1228 latitudo
581 1165 712 1247 pedibus
735 1164 858 1245 decem,
881 1165 1009 1228 altitudo
1032 1157 1124 1238 [302]

62 1267 178 1348 viginti
210 1267 277 1331 luit.
320 1268 422 1349 lpsum
456 1267 569 1330 deinde
602 1266 716 1329 vallum
744 1265 872 1329 sudibus
900 1270 1125 1346 praestructum

62 1367 184 1430 crebris
206 1368 343 1459 turribus
365 1369 581 1431 communivit:
605 1372 649 1446 ut,
666 1367 693 1429 si
709 1377 769 1448 qua
784 1367 822 1430 ab
838 1353 1020 1446 erumpente
1035 1363 1124 1435 hosta

60 1467 94 1527 in
119 1485 194 1528 eum
217 1475 389 1530 tentaretur
410 1469 555 1549 irruptio,
581 1470 644 1550 Jam
672 1484 734 1530 non
764 1469 851 1549 quasi
879 1465 1024 1530 obsessor
1052 1481 1123 1528 cum

42 1559 213 1643 obsesso,
240 1567 296 1630 sed
316 1583 405 1628 versa
427 1569 497 1629 vice
519 1568 664 1630 obsessus
686 1586 756 1630 cum
779 1567 941 1631 obsessore
963 1571 1123 1648 pugnaret.

59 1665 244 1737 Numantia,
258 1673 360 1729 summ
389 1667 421 1728 iu
448 1667 566 1728 tumulo
593 1667 667 1744 sita,
695 1666 777 1729 baud
808 1667 915 1748 procul
948 1685 966 1728 a
997 1665 1124 1727 flumine

60 1765 179 1845 Durio,
217 1766 275 1828 tria
309 1765 402 1827 millia
435 1783 580 1847 passuum
613 1764 730 1828 ambitu
763 1766 842 1828 muri
874 1763 1105 1846 amplexabatur
1112 1781 1122 1838 ;

63 1865 208 1944 quamvis
229 1866 327 1945 aliqui
348 1865 491 1928 adserunt
513 1885 581 1930 eam
611 1873 643 1930 et
665 1879 764 1946 ‘parvo
791 1867 853 1930 situ
881 1873 913 1928 et
938 1867 1006 1929 sine
1034 1878 1123 1925 muro

64 1964 172 2030 luisse.
209 1964 296 2029 Unde
318 1966 468 2029 credibile
489 1972 547 2046 est,
570 1966 653 2048 quod
675 1967 734 2030 boc
748 1967 838 2048 spatii
853 1964 1123 2040 curaalendorum

63 2063 400 2146 custodiendorumque
410 2082 567 2151 pecorum,
582 2067 737 2132 ueletiam
752 2060 920 2134 exercendi
935 2069 1015 2131 ruris
1031 2083 1120 2130 oom-

64 2167 167 2244 modo,
190 2185 260 2228 cum
282 2167 365 2230 bello
386 2175 610 2249 premerentur,
632 2169 826 2247 incluserint,
847 2169 906 2250 ipsi
927 2185 1029 2230 arcem
1045 2182 1120 2246 par·

64 2286 133 2330 vam
155 2275 265 2330 natura
287 2269 433 2332 munitam
448 2267 633 2333 obtinentes.
665 2269 793 2350 Alioqui
807 2275 921 2332 tonum
937 2265 1121 2348 paucitatem
1140 2305 1142 2310 -

64 2367 239 2446 bominum,
267 2374 328 2429 tam
355 2369 499 2451 amplum,
515 2369 601 2433 urbis
628 2371 760 2454 spatium
782 2385 846 2432 non
867 2369 989 2432 munire
1010 2368 1119 2448 magis,

63 2485 156 2548 quam
190 2467 321 2549 prodere
352 2470 523 2533 videbatur.
566 2469 665 2551 lgitur
697 2469 836 2532 conclusi
863 2469 916 2531 diu
942 2467 1120 2530 Numantini

65 2576 96 2630 et
117 2569 200 2631 fame
223 2565 365 2632 trucidati
387 2570 574 2633 deditionem
596 2569 646 2631 sui
669 2565 864 2647 obtulerunt,
893 2569 919 2631 si
948 2567 1120 2630 tolerabilia

61 2669 261 2750 juberentur,
290 2685 383 2750 saepe
405 2671 496 2734 etiam
519 2677 642 2733 orantes
660 2672 763 2754 justae
785 2685 907 2752 pugnae
932 2668 1120 2747 facultatem,

65 2776 100 2830 ut
114 2778 270 2852 tamquam
286 2771 362 2833 viris
377 2771 456 2833 mori
470 2771 589 2834 liceret.
626 2771 738 2834 Ultimo
754 2787 860 2834 omues
880 2771 999 2834 duabus
1020 2769 1119 2844 lubitu

65 2873 160 2948 portis
182 2879 368 2952 eruperunt,
395 2872 480 2955 larga
500 2874 585 2954 prius
606 2874 732 2955 potione
754 2873 819 2951 usi,
842 2889 904 2934 nou
927 2873 1009 2951 vini,
1031 2872 1136 2954 cujus,
1195 2933 1204 2952 ,Ἴ

66 2967 153 3034 ferax
174 2973 202 3035 is
223 2971 310 3035 lucus
332 2969 394 3035 non
416 2982 478 3058 est,
505 2975 561 3038 sed
587 2992 682 3038 succo
700 2970 803 3038 'tritici
830 2991 885 3054 per
912 2983 1009 3038 artam
1037 2989 1118 3037 con-

66 3068 158 3152 iecto,
182 3091 274 3153 quem
297 3091 422 3136 saccum
444 3093 463 3136 a
484 3073 695 3159 calefaciendo
711 3075 826 3138 Celiam
848 3083 968 3142 vocant.
1006 3075 1118 3140 Susci-

67 3176 146 3235 tatur
178 3175 261 3237 enim
292 3175 366 3256 igne
398 3175 450 3237 illa
478 3175 526 3235 vis
551 3172 707 3255 germinis
729 3173 920 3239 rnadeiactae-
943 3176 1056 3257 frugis,
1084 3193 1121 3238 ac

68 3271 179 3338 deinde
208 3277 342 3339 siccatur
368 3283 400 3338 et
426 3273 499 3356 post‘
522 3277 554 3337 iu
581 3273 711 3337 lamnam
738 3275 876 3357 redacta,
908 3277 993 3338 molli
1025 3293 1119 3340 succe

67 3374 260 3454 admiscetur,
283 3378 366 3458 quod
388 3371 540 3439 iermenio
559 3393 651 3457 sapor
665 3376 850 3438 austeritatis
865 3383 898 3439 et
911 3377 996 3441 calor
1010 3378 1118 3444 ebrie-

68 3477 135 3538 tatis
156 3476 306 3556 adjicitur.
345 3479 410 3540 Hac
431 3478 527 3559 igitur
546 3479 672 3559 potione
694 3483 762 3558 post
782 3477 905 3562 longam
927 3479 1038 3546 lumem
1061 3501 1117 3545 re-

69 3576 256 3641 calescentes
288 3579 371 3642 bello
403 3597 473 3643 sese
506 3580 692 3644 obtulerunt.
747 3579 846 3644 Atrox
880 3584 933 3646 diu
962 3591 1118 3645 certamen

68 3681 98 3736 ct
111 3696 211 3760 usque
226 3680 264 3742 ad
283 3677 454 3761 periculum
468 3679 674 3746 Romanorum
697 3680 770 3744 tuit:
796 3683 970 3764 iterumque
991 3683 1120 3744 Romani

70 3791 204 3860 pugnare
230 3798 266 3844 se
293 3783 455 3846 adversum
484 3782 687 3847 Numantinos
714 3783 862 3865 fugiendo
895 3783 1118 3862 probavissent,

70 3879 125 3942 uisi
146 3880 205 3943 sub
228 3881 372 3964 Scipione
393 3866 589 3968 pugnasscut.
632 3883 810 3946 Numantini
833 3880 1004 3947 interfectis
1028 3881 1117 3960 [303]

69 3991 190 4044 suorum
206 3981 380 4050 fortissimis
395 3986 477 4051 bellc
492 3987 621 4050 cedunt:
639 3984 815 4064 compositis
831 3989 931 4046 tamen
948 3985 1117 4062 ordinibus,
