2634 4434
710 299 760 368 28

630 397 840 409 -——--
1305 368 1306 433 l

209 529 397 613 impendere.
442 530 557 594 'faedat
572 532 671 594 etiam
699 517 796 612 ipitius
816 529 937 610 Pelopis
957 535 1065 592 metra
1086 512 1262 594 Dardanum
1305 526 1306 603 l

208 642 302 714 atque
324 633 480 714 l'rojanos,
502 631 671 712 quamlibet
692 649 801 712 magna
823 629 942 693 referre
963 631 1146 692 certamina:
1170 649 1262 712 quae,
1291 670 1306 710 4

208 734 280 814 quia
303 734 334 795 in
359 731 470 795 fabulis
492 732 642 794 celebrari
659 731 749 794 solita
762 737 846 807 sunt,
861 730 1071 812 negligentius
1084 731 1261 795 audiuntur.
1305 740 1306 787 3

207 833 261 896 llla
284 851 409 914 quoque
430 840 607 914 praetereo,
631 849 711 911 quae
732 832 773 893 de
794 831 923 908 Perseo,
946 831 1075 908 Cadmo,
1097 830 1261 911 Thebanis,

208 933 428 1015 Spartanisque
449 951 504 1014 per
530 931 760 995 inextricabiles
786 931 1002 994 alternantium
1029 931 1178 994 malorum
1204 952 1261 996 re·
1305 924 1306 991 l

208 1035 332 1112 cursus,
365 1033 546 1115 Palaephato
578 1034 752 1111 scribente,
783 1031 970 1095 referuntur.
1013 1033 1114 1096 'faceo
1147 1031 1261 1115 flagitia
1305 1052 1306 1131 p

207 1134 422 1214 Lemniadum,
459 1135 669 1216 praetermitto
704 1133 868 1210 Pandionis
903 1131 1141 1196 Atheniensium
1162 1135 1262 1215 ,regis
1305 1168 1306 1229 p

206 1235 341 1298 flebilem
363 1235 485 1317 lugam,
512 1234 601 1298 Atrei
629 1242 661 1297 et
686 1235 828 1316 Thyestis
853 1233 938 1312 odia,
966 1241 1072 1314 stupra
1098 1241 1131 1296 et
1156 1236 1260 1315 parri-
1305 1238 1306 1323 ,

207 1335 304 1412 oidia,
338 1336 425 1397 coelo
462 1354 587 1416 quoque
613 1336 728 1413 invisa,
756 1335 923 1398 dissimulo.
967 1333 1082 1397 Omitto
1109 1333 1261 1416 Oedipum
1305 1338 1306 1415 p

207 1434 436 1498 interfectorem
452 1438 555 1516 patris,
576 1435 680 1497 matris
695 1436 847 1513 maritum,
861 1435 993 1497 filiorum
1009 1433 1146 1517 fratrem,
1166 1437 1260 1498 vitri-

207 1554 275 1596 cum
302 1552 400 1599 suum.
442 1536 533 1600 Sileni
555 1537 635 1599 malo
655 1535 813 1599 Eteoclem
835 1543 928 1617 atque
949 1536 1123 1618 Polynicem
1147 1536 1260 1598 mutuis
1305 1568 1306 1611 ῃ

207 1631 273 1718 [62]
296 1636 451 1698 laborasse
473 1636 689 1715 concursibus,
724 1653 765 1698 ne
792 1637 862 1726 quis
889 1655 996 1698 eorum
1022 1637 1172 1716 parricida
1199 1654 1259 1697 non

109 1809 112 1815 ¹
206 1744 297 1801 esset.
340 1735 417 1799 Nolo
446 1738 621 1798 meminisse
648 1735 776 1798 Medeae
803 1755 907 1800 amore
935 1754 1030 1800 saevo
1056 1737 1198 1819 sauciae,
1230 1745 1260 1798 et

206 1838 367 1917 pignorum
394 1836 587 1916 parvulorum
616 1835 713 1898 caede
739 1837 920 1918 gaudentis,
952 1843 985 1898 et
1017 1837 1167 1917 quidquid
1201 1837 1260 1899 illis

207 1936 395 2016 temporibus
425 1941 631 2015 perpetratum
661 1938 778 2018 conjici
812 1938 915 2000 datur:
954 1936 1088 2019 qualiter
1118 1935 1259 2000 homines

205 2038 423 2114 sustinuerint,
446 2035 529 2116 quod
551 2036 644 2100 etiam
665 2045 748 2104 astra
768 2037 887 2122 fugisse
909 2039 1063 2102 dicuntur.
1101 2087 1108 2099 .

536 2290 738 2431 iapui
793 2291 926 2401 lilll.

204 2485 389 2560 Certamen
414 2497 504 2564 infer·
529 2493 717 2565 Cretenses
749 2502 784 2563 ei
809 2497 1055 2579 Athenienses,
1089 2495 1258 2581 Lapithas
1305 2486 1306 2573 ἦ

603 2603 638 2664 et
663 2599 862 2665 Thessalos.

288 2749 380 2810 ⁴Anno
402 2757 476 2812 ante
496 2748 603 2814 urbem
631 2755 784 2816 conditam
812 2755 900 2818 DLX.
926 2755 1149 2817 atrocissimum
1178 2756 1260 2816 inter
1305 2748 1306 2785 l

205 2849 369 2916 ssetenses
385 2857 416 2912 et
431 2851 638 2916 Athenienses
654 2861 810 2918 certamen
826 2855 898 2919 fuit:
922 2856 977 2917 ubi
998 2855 1121 2937 populis
1142 2857 1258 2917 utrim-
1305 2844 1306 2937 l

204 2969 266 3030 que
294 2949 460 3015 infeliciter
487 2953 654 3036 profligatis
682 2959 888 3020 cruentiorem
911 2959 1069 3020 victoriam
1094 2957 1259 3018 Cretenses

202 3058 426 3113 exercuerunt:
456 3054 509 3133 qui
526 3054 685 3117 nobilium
714 3057 949 3120 Atheniensium
972 3057 1051 3119 hlios
1073 3057 1258 3135 Minotauro,
1305 3074 1306 3115 l

204 3159 305 3216 uirum
328 3152 395 3216 fero
416 3152 543 3233 homini,
567 3173 606 3217 an
629 3155 780 3220 humanae
804 3158 921 3222 bestiae
942 3160 1042 3239 aptius
1063 3159 1162 3220 dicam
1177 3176 1257 3219 nes-
1305 3132 1306 3223 l

202 3254 263 3330 cio,
286 3254 477 3317 devorandos
500 3256 668 3320 crudeliter
689 3259 882 3338 addicebant,
909 3268 1002 3341 atque
1025 3258 1157 3321 informe
1180 3276 1257 3338 pro·

202 3353 318 3433 digium
356 3355 476 3417 effossis
510 3355 657 3421 Graeciae
694 3359 861 3423 luminibus
898 3361 1085 3442 saginabant.
1145 3359 1258 3420 lisdem
1305 3390 1306 3413 2

202 3453 311 3515 diebus
326 3453 470 3536 Lapithae
490 3463 523 3519 et
537 3457 674 3522 Thessali
695 3441 820 3525 famosis
842 3463 969 3524 nimium
993 3468 1152 3522 certauere
1174 3478 1257 3521 oon·
1305 3460 1306 3535 ᾖ

202 3553 343 3618 llictibus.
389 3556 449 3619 Sed
470 3557 631 3622 Thessalos
653 3560 866 3641 Palaephatus,
899 3565 930 3625 iu
958 3563 1038 3624 libro
1064 3561 1162 3642 primo
1190 3556 1258 3641 [63]
1305 3540 1306 3567 ¹

201 3654 431 3718 incredibilium
463 3661 563 3738 prodit
596 3663 678 3742 ipsos
710 3681 728 3723 a
761 3662 896 3741 Lapithis
927 3663 1062 3726 creditos
1094 3660 1260 3742 dictosque
1305 3706 1306 3711 η

202 3752 297 3818 fuisse
327 3765 506 3838 centauros,
539 3779 577 3822 eo
611 3762 693 3842 quod
727 3762 935 3827 discurrentes
961 3765 994 3827 in
1022 3762 1106 3826 bello
1133 3764 1260 3842 equites
1305 3750 1307 3767 ’

201 3855 297 3918 veluti
323 3876 417 3922 unum
441 3875 551 3941 corpus
574 3876 725 3942 equorum
748 3872 780 3928 et
800 3865 957 3929 bominum
981 3863 1170 3928 viderentur.
