2634 4434
554 318 626 390 135

63 560 124 632 ret,
159 553 241 634 quod
269 572 310 616 ue
331 554 418 635 leges
442 554 567 634 quidem
596 557 658 617 nisi
680 554 791 617 mulcta
813 556 979 636 pecuniae,
1002 557 1114 622 autad

61 671 212 718 summum
234 654 338 718 exsilii
366 656 448 718 eirca
470 655 641 735 quemlibet
662 656 819 720 homiuum
842 665 1039 720 ceusuemm.
1168 651 1172 656 ’

406 891 595 1044 eaput
645 905 766 1018 XIV.
941 895 944 902 ⁴
1027 938 1113 1026 tuoe]

58 1107 114 1174 lle
144 1109 228 1176 bello
251 1106 384 1175 Patrico
401 1112 576 1176 secundo.
620 1110 771 1178 Annibal
795 1112 951 1194 inpeatee
978 1111 1116 1192 cleopae

131 1213 169 1276 in
191 1207 368 1276 Romanoa
390 1211 511 1298 edidit,
531 1229 596 1295 per
618 1208 740 1279 Gallos
760 1213 850 1278 oium
871 1210 1041 1294 apericus.

143 1365 236 1425 Amro
258 1366 296 1427 ab
319 1367 401 1430 Urbe
423 1366 546 1430 condita
571 1366 734 1430 DXXXIV.
760 1365 910 1443 Annibal,
942 1365 1115 1426 Poenorum

55 1464 240 1544 imperator,
274 1464 442 1546 Saguntum
476 1466 721 1531 florentissimam
750 1467 914 1547 Hispaniae
947 1457 1114 1540 civitatem,

54 1565 188 1624 amicam
204 1563 308 1642 populi
321 1564 450 1626 Romani
468 1568 598 1644 primum
621 1567 704 1630 bello
719 1569 898 1647 impetitam,
921 1564 1034 1628 deindo
1049 1564 1111 1625 ob-

54 1664 180 1725 sidione
209 1661 340 1722 cinctam
369 1669 401 1723 et
427 1661 508 1726 fame
539 1667 763 1743 excruciatam,
796 1666 961 1743 omniaque
993 1653 1115 1724 fortiter

56 1759 319 1840 contemplatione
346 1759 435 1839 fidei,
463 1781 554 1842 quam
576 1763 721 1828 Romanis
744 1765 922 1840 devoverat,
945 1762 1037 1842 digua
1059 1761 1114 1822 in-

57 1863 214 1944 dignaque
240 1860 422 1924 tolerantem
444 1869 555 1924 octavo
577 1864 701 1926 demum
723 1881 830 1926 meuse
852 1862 974 1925 delevit.
1008 1859 1112 1943 Legu-

57 1969 104 2023 tos
125 1961 332 2024 Romanorum
354 1962 393 2024 ad
414 1980 450 2026 se
471 1964 581 2027 missos
603 1963 839 2047 injuriosissime
867 1964 957 2024 etiam
985 1981 1004 2025 a
1030 1979 1112 2024 con-

57 2068 166 2141 speetu
187 2077 244 2122 suo
266 2063 422 2126 abstinuit.
466 2062 588 2127 Exinde
609 2065 681 2127 odio
702 2063 830 2128 Romani
853 2064 1001 2140 nominis,
1030 2062 1114 2142 quod

57 2163 133 2240 patri
156 2160 319 2240 Amilcari,
346 2181 416 2224 eum
445 2170 528 2225 essct
553 2181 666 2226 novem
689 2182 786 2227 annos
809 2171 909 2241 natus,
935 2162 1113 2224 fidelissime

57 2259 132 2323 alias
147 2258 376 2326 infidelissimus
390 2269 462 2325 ante
481 2280 550 2327 aras
566 2264 741 2345 juraverat,
762 2264 792 2327 P.
808 2262 952 2325 Cornelio
968 2261 1113 2341 Scipione

59 2367 89 2422 et
102 2361 147 2423 ti.
165 2360 344 2440 Sempronio
358 2361 465 2445 Longo
480 2364 670 2441 consulibus,
682 2363 855 2444 Pyrenaeos
871 2369 990 2424 montes
1006 2369 1111 2422 trans-

57 2478 184 2540 gressus
205 2461 287 2547 inter
308 2460 513 2525 ferocissimas
536 2462 691 2524 Gallorum
714 2471 824 2544 gentes
840 2461 922 2522 ferro
937 2463 1017 2523 viam
1032 2479 1111 2539 ape-

58 2561 130 2638 ruit,
155 2567 186 2622 et
201 2579 283 2622 nono
299 2561 422 2623 demum
438 2561 489 2624 die
511 2581 529 2623 a
544 2563 701 2642 Pyrenaeo
716 2562 754 2624 ad
769 2561 864 2642 Alpes
879 2560 1031 2641 peruenit,
1047 2559 1112 2638 ubi,

59 2659 131 2721 dum
153 2668 313 2723 montanos
329 2659 432 2724 Gallos
450 2662 603 2743 repellere
618 2661 657 2724 ab
672 2661 824 2725 adscensu
840 2662 1014 2726 obnitentes
1032 2659 1112 2723 bello

59 2767 193 2843 superat,
214 2769 307 2842 atque
329 2763 427 2825 invias
448 2779 542 2842 rupes
563 2762 630 2844 igni
644 2760 792 2842 ferroque
808 2762 966 2839 rescindit,
989 2764 1111 2841 quatri·

60 2859 153 2922 duum
175 2870 389 2944 emnmoratus,
409 2865 518 2944 quinto
540 2863 663 2925 demum
687 2863 737 2925 die
760 2881 830 2925 oum
853 2862 985 2924 maximo
1007 2861 1113 2924 labore

61 2961 97 3022 ad
129 2960 219 3041 plana
251 2963 418 3042 pervenit·
445 2963 551 3027 Fuisse
584 2970 658 3025 tuuc
691 2967 862 3026 exercitum
892 2964 959 3045 ejus
988 2968 1113 3025 centum

60 3060 188 3122 millium
215 3062 351 3142 peditum
380 3069 412 3124 et
438 3063 548 3143 viginti
576 3063 704 3125 millium
738 3066 877 3144 equitum
910 3062 991 3126 defi·
1026 3059 1113 3146 [253]

61 3161 157 3222 niunt
200 3161 303 3241 Scipio
325 3163 433 3224 consul
455 3162 602 3224 Annibali
622 3163 739 3242 primus
761 3163 906 3241 occurrit,
929 3163 1112 3224 commisso·

56 3278 121 3338 ¹que
152 3261 269 3341 praelio
295 3263 375 3342 upud
409 3262 549 3323 'licinum
580 3264 648 3342 ipse
680 3263 817 3342 graviter
833 3261 1027 3324 uulneratus
1059 3279 1116 3341 per

63 3358 237 3440 Scipionem
263 3361 376 3440 lilium,
403 3363 566 3425 admodum
595 3369 835 3443 praetextatum,
858 3362 912 3442 qui
934 3368 1002 3442 post
1023 3360 1113 3424 Airi-

62 3477 155 3522 canus
185 3463 419 3542 cognominatus
448 3469 505 3540 est,
538 3462 575 3525 ab
608 3462 675 3543 ipsa
708 3468 805 3526 morte
837 3461 985 3527 liberatus
1007 3463 1113 3526 evasit.

64 3557 176 3623 Caesus
199 3569 247 3623 est
267 3561 312 3624 ibi
334 3580 432 3642 paene
454 3552 553 3626 omuis
568 3563 722 3627 Romanus
744 3564 909 3642 exereitus.
944 3564 1113 3645 Pugnatum

64 3658 175 3722 deinde
197 3661 307 3724 eodem
330 3663 457 3726 consule
479 3663 517 3724 ad
539 3663 655 3727 ssumeu
676 3663 828 3743 Trebiam,
850 3665 1025 3742 iterumque
1046 3661 1113 3722 Ro-

65 3762 143 3822 maui
164 3762 231 3841 pari
252 3762 341 3836 clade
361 3766 505 3844 superati·
519 3772 598 3827 suut.
642 3764 840 3845 Sempronius
862 3762 970 3826 consul
991 3760 1116 3840 cognito

66 3860 201 3942 collegae
224 3879 339 3926 casua
365 3864 469 3928 Sicilia
496 3883 567 3928 oum
588 3863 734 3940 ,exercitu
760 3864 868 3942 rediit,
895 3862 948 3940 qui
976 3859 1117 3924 similiter

65 3961 142 4038 apud
176 3963 311 4032 eundem
336 3963 464 4032 fluvium
499 3981 684 4044 congressus
713 3965 824 4027 amisso
853 3961 992 4024 exercitu
1020 3979 1118 4041 paene
