2634 4434
713 348 738 422 4
789 354 791 357 ,

623 445 833 468 Μ

200 599 334 676 ιιιιῑθῐιιιεΙ
355 589 520 654 humanum
547 604 647 669 genus
675 587 735 648 ritu
769 583 922 666 pecudum
955 580 1083 658 vixerit,
1116 588 1148 644 et
1180 589 1257 644 tune

200 697 329 776 primunt
351 690 447 752 ueluti
471 690 508 751 ad
533 705 640 750 novam
665 687 888 766 providentiam
911 699 1096 746 concussum
1117 683 1255 744 suscita-

200 804 327 873 tumque
355 790 524 876 evigilarit:
554 805 613 868 ego
637 787 759 850 initium
782 786 924 846 miseriae
947 785 1103 845 hominum
1126 783 1165 844 ab
1186 783 1255 844 ini-

201 893 248 978 [7]
269 895 311 956 tio
328 891 484 970 peccantis
496 888 626 971 hominis
639 887 754 950 ducere
766 886 896 962 institui,
908 884 1255 966 paucisdantanuiis-

199 997 332 1073 demque
354 989 491 1054 breuiter
515 987 668 1050 delibatis.
713 987 791 1050 Sunt
818 993 921 1049 autern
949 986 1129 1062 uiridem,
1157 985 1257 1065 primo

199 1095 340 1168 homine,
369 1107 469 1169 usque
497 1089 535 1150 ad
568 1089 696 1166 lliuurn,
731 1107 874 1170 magnum
907 1084 955 1166 (ut
985 1087 1107 1163 dicunt)
1136 1103 1255 1166 regem,

202 1193 325 1276 quando
346 1198 436 1252 natus
458 1191 677 1267 est-Abraarn,
700 1192 773 1253 antri
802 1191 860 1250 tria
887 1188 982 1251 millia
1009 1194 1134 1250 centum
1161 1193 1253 1246 octo-

111 1321 119 1327 ·
199 1297 284 1378 ginta
308 1299 338 1354 et
360 1298 501 1370 quatuor,
525 1292 576 1370 qui
593 1293 631 1353 ab
646 1291 792 1354 omnibus
806 1288 1057 1370 historiographis
1072 1288 1123 1348 rel
1138 1288 1255 1363 omissi,

199 1395 250 1458 uel
277 1391 409 1476 ignorati
437 1397 516 1454 sunt.
543 1393 587 1456 ,Α
615 1391 695 1457 Nino
721 1399 825 1455 austera
851 1391 903 1453 vel
930 1390 1063 1452 Abraam
1091 1405 1190 1468 usque
1216 1387 1256 1448 ad

201 1497 361 1592 Caesarem
385 1491 568 1574 Augustum,
592 1493 621 1554 id
645 1501 704 1570 est,
732 1493 891 1574 usquead
913 1492 1108 1554 Nativitatem
1131 1487 1256 1562 Christi,

200 1614 280 1676 quae
307 1593 365 1655 luit
397 1609 480 1683 anno
511 1593 632 1672 imperii
666 1595 804 1657 Caesaris
836 1592 1076 1674 quadragesimo
1105 1589 1256 1664 secundo,

201 1715 282 1771 curn,
305 1695 384 1756 lacta
408 1712 482 1774 paoe
504 1712 574 1760 curn
597 1695 725 1772 l'artlris,
746 1695 817 1759 Jani
838 1702 945 1774 portae
968 1691 1091 1754 clausae
1112 1696 1195 1766 suut,
1224 1697 1257 1752 et

134 1819 140 1826 ·
197 1796 278 1861 bella
301 1801 365 1856 toto
387 1795 462 1858 orbe
485 1803 655 1870 cessarunt,
679 1795 867 1874 colliguntur
881 1793 953 1854 anni
969 1793 1032 1854 dno
1048 1791 1140 1865 millia
1155 1791 1255 1872 quin-

200 1896 315 1970 decim,
343 1894 373 1954 in
402 1893 515 1974 quilius
543 1911 577 1956 sc
606 1895 834 1956 interactores
862 1895 1091 1975 scriptoresque
1117 1892 1256 1955 omniurn

200 1998 261 2061 otia
285 1993 472 2075 negotiaque
495 1995 655 2056 triverunt.
699 1995 892 2076 Quapropter
919 2013 971 2057 res
997 1997 1061 2075 ipse
1090 1994 1188 2075 exigit
1216 2012 1256 2054 ex

199 2097 246 2158 lris
269 2095 355 2158 libris
377 2112 467 2173 quam
488 2093 670 2156 brevissime
692 2096 741 2156 rel
764 2115 861 2176 pauca
883 2097 1059 2178 adtingere,
1088 2096 1158 2175 qni,
1184 2095 1255 2156 ori-

167 2233 172 2243 ·
199 2199 305 2280 ginenr
327 2195 433 2256 mnndi
457 2195 629 2274 loquentes,
653 2199 887 2274 praeteritorum
910 2199 999 2261 iidem
1021 2195 1257 2260 adnuntiatione

199 2297 389 2370 futurorum,
419 2302 449 2356 et
482 2302 549 2374 post
581 2296 736 2377 subsequa
770 2300 966 2378 probatione,
999 2297 1158 2360 lecerunt:
1193 2313 1255 2356 non

200 2414 263 2479 quo
284 2395 496 2458 auctoritatem
520 2415 625 2460 eorum
650 2400 792 2478 cuiquam
824 2401 983 2462 uideamur
1011 2400 1173 2480 ingerere,
1200 2399 1255 2459 sed
1304 2356 1305 2451 l

203 2495 248 2580 [8]
271 2495 353 2577 quod
369 2513 481 2576 operae
498 2499 627 2577 pretium
644 2501 682 2562 sit
699 2501 738 2562 de
754 2502 899 2579 opinione
914 2499 1048 2582 vulgatu,
1071 2517 1153 2579 quae
1168 2498 1257 2560 nobis

200 2617 268 2660 curn
303 2596 445 2657 omnibus
478 2601 648 2658 communis
682 2608 745 2675 est,
775 2619 978 2663 commonere.
1020 2601 1155 2662 Primum
1183 2601 1255 2680 qnia
1304 2592 1305 2651 l

200 2699 226 2764 si
249 2697 351 2759 diuina
380 2696 587 2774 providentia,
615 2715 710 2776 quae,
740 2701 820 2761 sicut
849 2701 944 2777 trena,
973 2702 1014 2762 ita
1042 2703 1090 2781 pia
1118 2708 1150 2764 et
1171 2701 1254 2781 justa
1304 2698 1305 2773 l

75 2835 79 2844 ι
201 2806 258 2874 est,
281 2797 382 2878 agitur
404 2795 535 2856 rrrrrndns
558 2803 589 2857 et
612 2796 719 2860 laonio:
742 2799 895 2862 hominem
911 2809 1025 2879 autern,
1048 2803 1101 2883 qni
1117 2820 1253 2864 conver·
1304 2780 1305 2873 J

202 2898 343 2960 tibilitate
367 2902 493 2957 naturae
516 2903 547 2957 et
570 2896 713 2960 libertate
735 2899 878 2964 licentiae
901 2909 933 2966 et
954 2903 1092 2966 infirmus
1114 2911 1146 2965 et
1173 2921 1255 2964 con·
1304 2890 1305 2971 i

201 3007 305 3060 tnrnax
327 3003 389 3072 est,
418 2997 498 3058 sicut
524 2999 575 3078 ple
601 2999 767 3079 gubernari
795 3021 928 3083 egenum
956 3005 1023 3085 opis
1050 3011 1186 3086 oportet,
1215 3006 1254 3066 ita
1304 3006 1305 3091 ᾗ

194 3103 279 3182 juste
302 3098 415 3176 corripi
438 3099 671 3162 immoderatum
694 3101 843 3174 libertatis
872 3121 1000 3166 neccsse
1028 3114 1091 3168 est:
1115 3108 1188 3188 jure
1216 3105 1254 3168 alt
1304 3098 1305 3181 ζ

199 3199 287 3262 initio
309 3197 441 3260 hominis
461 3199 609 3280 perbona
626 3202 767 3283 malaque
782 3205 974 3283 alternantia,
997 3208 1157 3269 excerccri
1172 3207 1255 3270 hunc
1304 3188 1305 3207 ³

101 3318 106 3327 ·
199 3299 344 3361 mundum
368 3300 476 3377 sentit,
505 3303 645 3383 quisquis
674 3323 729 3384 per
756 3296 796 3367 'se
829 3315 922 3387 atque
956 3307 988 3368 in
1019 3325 1055 3370 se
1088 3308 1253 3372 humanum

197 3417 297 3482 genus
320 3397 418 3460 videt:
448 3401 561 3465 deinde
584 3425 652 3468 cum
676 3407 715 3468 ab
738 3407 804 3488 ipso
827 3409 924 3488 primo
946 3409 1070 3473 homine
1093 3419 1253 3489 peceatum
1304 3482 1305 3487 ἵ

198 3499 452 3582 punitionemque
486 3507 603 3580 peccati
636 3509 777 3586 coepisse
811 3510 991 3572 doceamur:
1026 3527 1119 3592 porro
1150 3520 1253 3576 autern

197 3618 267 3664 cum
290 3600 380 3660 etiam
405 3600 454 3662 isti
478 3602 516 3664 de
540 3604 648 3670 mediis
672 3604 861 3687 temporibus
888 3611 1083 3689 inchoantes,
1111 3614 1254 3693 quamvis

196 3701 388 3782 superiorum
412 3718 561 3782 nusquam
585 3709 793 3787 meminerint,
816 3711 890 3773 nihil
914 3713 972 3775 nisi
989 3711 1069 3776 bella
1084 3713 1253 3794 cladesque

126 3833 131 3840 -
198 3799 416 3880 descripserint
444 3807 541 3884 (quac
570 3805 649 3869 bella
684 3810 757 3889 quid
790 3812 873 3875 aliud
907 3815 1037 3878 dicenda
1070 3821 1158 3892 sunt,
1193 3815 1252 3876 nisi

196 3901 355 3980 vergentia
379 3903 409 3962 in
432 3902 610 3966 alterutrum
636 3909 726 3970 mala:
752 3913 829 3975 mala
851 3923 953 3976 autem
977 3914 1155 3995 hujusmodi
1171 3935 1253 3996 quae

196 3994 240 4082 [9]
264 4006 336 4062 tunc
359 4010 454 4079 erant,
477 4004 556 4068 sieut
579 4013 610 4068 et
633 4026 720 4100 ‘nunc
741 4016 814 4076 siunt
836 4014 867 4075 in
890 4022 1036 4094 quantum
1059 4024 1149 4094 sunt,
1182 4018 1254 4080 sine
