2634 4434
706 330 754 400 48

625 431 834 440 *an-q..—

556 562 750 700 llapnt
800 558 903 670 lll.

203 737 317 826 Operis
346 735 486 824 Scythis
513 741 634 807 bellam
665 739 793 822 intulit,
826 743 862 805 ei
892 759 915 804 a
949 737 1091 822 'l'onapri
1123 740 1257 890 llepina

515 844 626 908 aieirrs
655 844 691 906 et
718 844 855 907 occisas
881 843 945 906 esi.

287 963 384 1047 lgitur
405 967 486 1030 idem
510 968 606 1050 Cyrus
629 969 759 1048 proximi
781 967 927 1046 temporis
948 983 1112 1044 successu,
1136 966 1258 1048 Scythis

202 1063 317 1128 bellum
346 1066 464 1129 intulit:
500 1087 591 1149 quem
625 1069 764 1149 Tomyris
795 1068 920 1149 regina,
952 1085 1033 1147 quae
1066 1074 1139 1129 tunc
1170 1069 1259 1149 genti

202 1174 358 1245 praeerat,
392 1187 460 1231 cum
493 1171 657 1250 prohibere
685 1171 815 1231 transitu
843 1169 954 1230 Araxis
982 1166 1117 1229 fluminis
1143 1174 1259 1248 posset,

203 1269 334 1330 transire
361 1271 506 1348 permisit.
549 1271 682 1332 Primum
717 1277 842 1350 propter
873 1268 1013 1330 fiduciam
1046 1268 1111 1345 sui,
1145 1267 1260 1330 dehine

203 1365 327 1446 piopter
352 1371 607 1449 opportunitatem
637 1389 677 1432 ex
703 1370 827 1450 objectu
852 1368 986 1429 {luminis
1014 1367 1111 1430 hostis
1138 1368 1262 1430 inclusi.

204 1465 301 1546 Cyrus
323 1468 427 1548 itaque
451 1469 604 1550 Scythiam
628 1470 801 1550 ingressus,
824 1468 931 1550 procul
953 1486 971 1530 a
993 1470 1170 1531 transmisso
1190 1467 1260 1530 llu-

203 1566 286 1627 mine
319 1575 566 1649 castrametatus,
603 1573 730 1651 insuper
761 1578 829 1633 astu
862 1570 970 1632 eadem
1002 1570 1152 1632 instructa
1183 1570 1263 1630 vino

203 1659 290 1749 [105]
320 1669 482 1751 epulisque
510 1671 664 1751 deseruit,
697 1673 785 1754 quasi
817 1672 943 1733 territus
975 1668 1149 1748 refugisset.
1192 1667 1263 1730 Hoc

202 1776 374 1848 comperto,
401 1774 509 1852 regina
537 1775 656 1834 tertiam
684 1780 800 1851 partem
825 1772 982 1849 copiarum
1004 1767 1153 1828 etlilium
1176 1769 1262 1831 ado-

201 1865 406 1929 lescentulum
422 1871 459 1931 ad
475 1872 723 1950 persequendum
740 1870 852 1948 Cyrum
869 1868 966 1928 mittit.
1003 1865 1140 1944 Barbari,
1159 1870 1264 1932 veluti

201 1964 240 2026 ad
256 1965 362 2046 epulas
377 1968 507 2047 invitati,
523 1971 652 2050 prImum
670 1969 819 2029 ebrietate
834 1967 1015 2028 vincuntur:
1039 1983 1121 2044 mox,
1143 1985 1263 2033 rever·

202 2071 287 2126 teate
310 2067 406 2147 Cyro,
428 2071 567 2132 universi
594 2087 664 2131 cum
692 2067 889 2130 adolescente
917 2067 1147 2132 obtruncantur.
1190 2070 1262 2133 To·
1308 2078 1309 2149 l

202 2166 312 2246 myris,
342 2170 482 2232 exercitu
508 2188 545 2231 aa
572 2168 636 2232 filio
663 2170 791 2247 amisso,
824 2169 875 2230 vel
908 2170 1012 2230 matris
1045 2169 1097 2230 vel
1128 2171 1263 2251 reginae
1308 2160 1309 2195 ⁴

202 2264 337 2328 dolorem
360 2271 512 2352 sanguine
533 2270 667 2332 hostium
690 2271 809 2333 diluere
830 2271 942 2350 potius,
965 2288 1057 2350 quam
1071 2270 1135 2332 suis
1149 2270 1260 2352 lacry-

201 2366 259 2428 mis
281 2376 374 2448 parat.
419 2371 547 2434 Simulat
569 2370 769 2434 diffidentiam
792 2369 1007 2451 desperatione
1022 2369 1117 2432 cladis
1131 2369 1259 2449 inlatae,
1307 2358 1308 2431 Ξ

200 2468 409 2552 paulatimque
432 2473 589 2552 cedendo,
610 2471 777 2552 superbum
796 2471 916 2533 hostem
944 2472 976 2532 in
1004 2470 1131 2533 insidias
1157 2479 1259 2534 vocat.

201 2565 246 2630 lbi
270 2572 393 2652 quippe,
417 2573 592 2652 compositis
615 2574 838 2634 intermontes
861 2572 991 2647 insidiis,
1014 2571 1145 2633 ducenta
1161 2572 1259 2635 millia

200 2666 359 2733 Persarum
382 2688 458 2735 cum·
475 2674 541 2754 ipso
563 2689 638 2754 rege
661 2670 791 2733 delevit:
815 2671 933 2753 adjecta
949 2689 1042 2750 super
1057 2673 1158 2734 omnia
1172 2672 1259 2734 illius

201 2768 248 2829 rei
277 2771 495 2852 admiratione,
523 2771 606 2852 qnod
635 2788 676 2831 ne
708 2771 835 2833 nuntius
868 2770 993 2851 quidem
1026 2778 1128 2834 tantae
1160 2770 1258 2834 cladis

200 2871 362 2949 superfuit.
406 2874 524 2954 Regina
552 2875 642 2948 caput
671 2868 742 2948 Cyri
768 2873 935 2950 amputari,
968 2879 1061 2952 atquc
1094 2878 1126 2934 in
1155 2879 1258 2934 utrem
1305 2880 1306 2903 l

199 2967 334 3034 luurnano
355 2973 507 3053 sanguine
529 2967 684 3048 oppletum
706 2972 819 3052 conjici
841 2970 948 3051 J'uhet,
975 2990 1037 3033 non
1065 2972 1273 3034 muliebriter·
1304 3052 1305 3059 ἵ

200 3070 403 3150 increpitans:
448 3067 552 3135 Sutia
578 3071 628 3146 te,
664 3071 779 3150 inquit,
805 3071 991 3154 sanquine,
1018 3090 1118 3156 pacm
1143 3072 1258 3154 sitisti,
1304 3070 1305 3141 l

201 3172 303 3252 eajns
321 3188 519 3251 peronnae
541 3169 681 3253 tripinta
701 3171 908 3238 insatiabilia
926 3174 1171 3256 perseaerasti.
1303 3228 1304 3237 ,

202 3407 288 3494 [¹0⁶]
536 3379 734 3517 llapnt
787 3378 914 3491 t111.

200 3551 352 3634 Darius,
379 3552 460 3622 lien
489 3555 697 3639 Persarum,
726 3554 877 3642 Scythas
898 3557 1077 3644 infestans,
1095 3556 1256 3644 fnpatnr:

200 3653 337 3744 Asiam,
370 3655 629 3745 Macedoniarn,
663 3661 699 3722 et
723 3656 840 3724 Jonas
870 3662 985 3726 vineit
1027 3657 1258 3725 Athenienses

202 3774 279 3822 cana
309 3758 401 3824 uitae
426 3778 514 3826 suae
539 3760 792 3841 multarumque
820 3759 1019 3826 discrimine
1045 3762 1257 3845 adpredr'tnr.

285 3884 377 3948 Anno
404 3886 442 3947 ab
471 3885 552 3947 Urbe
579 3884 702 3947 condita
736 3886 869 3950 ccxlv.
902 3888 1028 3965 Darius,
1062 3886 1142 3968 Cyro
1174 3888 1256 3964 apud
1300 3864 1301 3871 ἵ

202 3983 329 4066 Scythas
352 3984 531 4061 interiecto,
554 3989 622 4063 post
643 3983 832 4065 aliquantum
855 3988 1049 4050 intervallum
1072 3985 1153 4049 sorte
1174 4002 1255 4069 reg·
