2634 4434
682 340 756 412 254

616 440 823 452 m

196 575 395 648 celebraturi
427 597 466 642 an
497 577 576 640 baec
602 577 735 640 necdum
765 576 874 637 idonea
904 571 1049 664 imperio·
1064 555 1268 637 videbatur?

197 683 230 746 Si
251 681 387 744 nondum
409 687 498 742 erant
523 679 583 756 dii,
613 684 713 739 cessat
741 674 880 736 intentio.
924 675 966 736 Aa
988 674 1062 755 quid
1085 675 1171 735 enim
1192 674 1264 753 jam

195 783 239 845 ibi
261 797 367 844 eorum
391 780 523 844 discutio
545 794 675 854 mamm,
702 775 757 838 ubi
784 791 824 836 ne
852 774 948 854 ipsam
976 775 1099 856 quidem
1123 774 1264 836 invenio

196 876 356 948 naturaml
389 877 421 941 Si
443 886 546 940 autem
568 882 656 940 erant
678 875 732 952 dii,
760 881 813 936 aut
835 875 972 955 putentia
994 892 1112 956 eornm,
1134 881 1171 936 ut
1197 876 1262 954 ipsi

192 983 348 1063 judicant,
371 987 424 1042 aut
445 978 592 1060 patientia
613 977 647 1038 in
669 975 843 1056 culpa-est:
867 974 918 1037 vel
940 975 1102 1056 patientia,
1126 976 1152 1038 si
1177 973 1259 1050 luit;

195 1083 247 1146 vel
269 1081 415 1161 potentia,
437 1080 464 1141 si
486 1076 598 1153 deluit3
615 1085 669 1140 aut
682 1077 709 1140 si
724 1076 821 1157 magis
835 1074 986 1138 suadibile
1000 1075 1124 1138 videtur
1141 1073 1260 1153 luisse,

196 1189 271 1245 tunc
292 1181 417 1261 quidem
440 1179 531 1260 deos,
559 1179 613 1258 qui
635 1175 807 1259 provehere
828 1177 1014 1255 potuissent,
1037 1175 1091 1238 sed
1114 1175 1258 1238 nondum

197 1283 353 1346 exstitisse
367 1279 531 1356 Romanos,
549 1279 603 1358 qui
617 1275 746 1357 provebi
756 1277 829 1357 jure
850 1281 975 1356 possent
981 1294 991 1352 3
1014 1292 1070 1340 nus
1093 1283 1257 1338 auctorem

196 1399 300 1444 rerum
327 1379 511 1459 potentiam,
537 1394 600 1439 non
621 1376 770 1439 artificem
792 1376 952 1439 scientiam
974 1378 1159 1456 quaerimus.
1206 1377 1257 1438 De

198 1482 257 1543 diis
278 1480 393 1559 quippe
418 1477 465 1556 (ut
492 1474 611 1558 putant)
639 1477 776 1558 maguis,
805 1493 868 1538 non
897 1477 936 1538 de
968 1474 1062 1538 labris
1093 1475 1256 1540 vilissimis

199 1579 339 1661 quaestio
361 1584 425 1655 est,
447 1577 578 1658 quibus,
600 1578 661 1639 nisi
683 1577 810 1640 materia
831 1575 972 1652 accedat,
993 1593 1043 1639 ars
1065 1573 1173 1640 cessat.
1220 1577 1255 1640 si

198 1681 282 1744 euim
297 1678 466 1758 praescisse
481 1677 542 1741 illis
564 1697 601 1740 ac
622 1677 759 1740 uoluisse
781 1683 902 1757 praesto
924 1692 1046 1755 semper
1067 1675 1135 1753 luit,
1157 1678 1255 1740 immo

199 1777 286 1862 [453]
309 1779 400 1842 etiam
422 1775 601 1860 subjacente
623 1777 837 1858 praescientia,
860 1775 932 1855 quia
953 1777 1033 1856 apud
1051 1777 1252 1856 omnipoten-

198 1883 272 1944 tiam
294 1881 333 1942 de
355 1877 500 1960 operibus
527 1879 675 1939 duntaxat
700 1876 781 1952 suis,
807 1875 867 1937 hoo
894 1881 941 1938 est
966 1878 1138 1956 praescire,
1167 1878 1254 1957 quod

199 1980 297 2056 velle,
325 1979 542 2058 quodcumque
569 1977 644 2039 illud
671 1975 917 2057 praesciebatur,
947 1977 999 2039 cui
1026 1977 1167 2039 voluntas
1190 1978 1252 2040 ad-

199 2079 412 2159 stipularetur,
439 2093 501 2139 non
530 2077 687 2157 expectari
713 2077 864 2156 oportuit,
891 2078 946 2140 sed
974 2079 1089 2140 creari:
1119 2079 1254 2140 maxime

199 2198 269 2242 cum
291 2185 323 2242 et
344 2177 452 2244 iovem
474 2177 560 2241 illurn
582 2194 672 2239 suum
694 2191 823 2238 acervos
845 2174 1040 2240 formicarum
1063 2179 1095 2239 in
1123 2179 1253 2258 populos

198 2279 356 2340 bominum
389 2277 461 2340 ludo
493 2284 618 2340 vertere
649 2276 774 2338 solitum
790 2290 792 2294 ’
806 2273 915 2340 ierant
958 2276 1051 2340 Porro
1080 2285 1180 2340 autem
1213 2279 1253 2342 de

201 2395 274 2440 cura
303 2378 557 2439 caerimoniarum
584 2393 645 2438 nec
671 2374 894 2438 recensendum
925 2376 1072 2440 arbitror:
1107 2381 1252 2459 quoniam

164 2479 167 2482 ’
200 2481 282 2540 inter
307 2494 392 2540 sacra
414 2477 560 2538 continua
581 2474 818 2538 incessabilibus
839 2475 977 2540 cladibus
999 2478 1102 2542 nullus
1124 2477 1195 2542 bnis
1215 2498 1253 2542 ac

148 2656 150 2659 Ι
200 2577 283 2639 nulla
305 2578 431 2655 requies
452 2575 526 2653 luit,
548 2578 609 2638 nisi
631 2594 700 2639 cum
725 2576 863 2640 Salvator
885 2577 991 2640 mundi
1013 2577 1152 2643 Christus
1172 2579 1250 2643 illu·

200 2676 260 2737 xit:
290 2676 379 2755 cujus
404 2675 551 2736 adventui
575 2675 831 2755 praedestinatam
858 2661 955 2740 luisse
980 2675 1103 2758 imperii
1123 2679 1250 2742 Romani
1307 2671 1312 2680 ’

200 2792 318 2854 paoem,
339 2775 399 2836 etsi
416 2775 480 2855 jam
501 2772 692 2838 sufficienter
713 2775 886 2839 ostendisse
907 2794 956 2839 me
979 2778 1121 2856 arbitror,
1148 2779 1249 2862 pausis

201 2881 301 2936 tamen
323 2873 424 2936 adbuc
444 2875 587 2954 supplere
609 2865 757 2939 conaborT

571 3122 768 3263 daput
817 3125 877 3235 ll.

199 3325 408 3410 Babylonem
429 3328 465 3389 ct
483 3323 643 3412 Romam,
669 3346 881 3416 repetamque
907 3320 999 3400 itlius
1025 3335 1060 3398 et
1082 3331 1188 3420 bujm
1213 3338 1247 3404 in

241 3425 415 3514 plerisque
435 3427 593 3499 omuibus
614 3431 806 3500 convenire.
842 3429 899 3500 De
920 3436 1071 3520 quatuor
1090 3437 1209 3502 muudi

242 3522 475 3604 bleweto,
499 3528 543 3596 de
563 3529 724 3600 moenaio
743 3533 891 3617 modam
911 3531 1059 3614 Romae,
1081 3530 1208 3600 Christi

526 3630 561 3698 et
585 3626 761 3700 Abrabam
788 3634 926 3703 reculis.

264 3754 434 3857 'Principio
455 3779 584 3844 secundi
605 3781 703 3843 libelli
725 3801 795 3844 cum
823 3791 960 3866 tempora
985 3785 1142 3848 Romanae
1168 3805 1243 3850 eon-

199 3870 323 3940 dltionls
337 3875 400 3936 stili
415 3883 523 3941 tenore
537 3881 787 3962 perstringerem,
810 3883 905 3946 multa
924 3887 1150 3949 convenienter
1168 3887 1245 3950 inter

199 3967 395 4047 Babyloniam
417 3975 525 4038 urbam
540 3975 748 4058 Assyriorum,
771 3987 844 4044 tuno
865 3982 1034 4064 principem
1056 3987 1194 4066 gentium
1216 3995 1244 4050 et
