2634 4434
683 329 755 397 244

614 429 822 439 ——n—-n-

192 561 325 640 hataque
346 560 481 641 civitate,
504 561 584 622 idem
600 561 755 623 Antonius
777 577 847 624 sese
870 559 954 624 leuc
978 562 1252 641 transverberavit,

192 679 228 722 ac
254 661 443 724 semianimis
470 661 509 722 ad
538 661 726 742 Cleopatram
755 662 788 722 irr
816 668 1063 739 monumentum,
1096 664 1128 724 in
1165 665 1252 744 quod

192 779 226 825 se
248 762 299 824 illa
322 763 399 824 mori
421 769 505 824 certa
527 763 715 838 condiderat,
739 761 874 841 perlatus
891 768 946 824 est.
982 762 1139 842 Cleopatra
1156 772 1250 843 post-

192 881 283 943 quam
299 881 332 924 sa
347 864 385 925 ad
401 863 584 942 triumphum
607 863 724 924 servari
747 862 910 940 intellexit,
932 863 1134 925 voluntariam
1158 881 1251 926 mor-

192 971 254 1025 tem
282 971 407 1043 petens,
434 965 586 1042 serpentis
613 966 660 1042 (ut
682 960 815 1044 putatur)
841 979 943 1024 morsu
966 965 997 1023 in
1020 964 1143 1025 sinistro
1167 972 1253 1026 tacta
1270 973 1287 996 ²

191 1064 328 1141 brachio,
349 1064 498 1125 exanimis
521 1065 647 1124 inventa
670 1070 726 1140 est,
749 1061 860 1124 frustra
877 1062 1007 1124 Caesare
1023 1064 1113 1125 etiam
1129 1064 1251 1144 Psyllus

192 1165 392 1241 admovente,
420 1164 474 1242 qui
502 1181 622 1224 venena
645 1169 821 1242 serpentum
845 1181 863 1224 e
886 1162 1066 1224 vulneribus
1088 1164 1248 1225 bominum

191 1266 301 1327 haustu
317 1282 464 1326 revocare
486 1270 580 1342 atque
602 1281 755 1344 exsugere
778 1263 886 1324 solent.
921 1261 1032 1323 Caesar
1047 1263 1249 1342 Alexandria,

82 1392 84 1395 ¹
192 1358 270 1427 u'rbe
293 1365 427 1425 omnium
450 1364 544 1442 longe
566 1363 796 1442 opulentissima
819 1369 850 1424 et
880 1364 1026 1438 maxima,
1055 1365 1154 1424 victor
1183 1381 1247 1443 po-

191 1467 265 1527 titus
295 1472 350 1526 est.
393 1463 468 1524 Nam
490 1469 523 1523 et
543 1463 638 1524 Roma
660 1465 691 1524 in
714 1469 831 1524 tantum
854 1463 963 1542 opibus
986 1465 1053 1543 ejus
1074 1471 1163 1524 aucta
1186 1471 1247 1540 cst,

192 1572 226 1626 ut
247 1571 371 1644 propter
391 1563 607 1624 abundantiam
631 1565 829 1642 pecuniarum
853 1564 1000 1642 duplicia,
1030 1581 1120 1642 quam
1143 1582 1248 1644 usque

192 1667 228 1728 ad
258 1666 288 1727 id
316 1664 454 1740 lucrant,
485 1665 713 1743 possessionum
742 1663 932 1743 aliarumque
959 1681 1061 1726 rerum
1089 1664 1247 1726 venalium

114 1757 126 1765 ”
191 1747 287 1848 pretia
310 1772 525 1827 statuerentur.
562 1765 665 1826 Occisi
687 1772 759 1827 sunt
776 1765 866 1845 jussu
889 1764 1037 1840 Caesaris,
1060 1767 1156 1846 major
1171 1765 1247 1826 An-

192 1867 269 1928 tonii
297 1865 376 1926 filius
404 1871 436 1925 et
462 1865 490 1925 P.
525 1865 684 1942 Canidius,
719 1864 934 1926 infestissimus
967 1863 1089 1943 quidem
1122 1883 1250 1946 semper

192 1964 278 2049 [440]
301 1963 434 2040 Caesari,
456 1966 510 2025 sed
533 1973 565 2026 et
580 1966 715 2026 Antonio
738 1964 858 2040 infidus,
877 1971 908 2025 et
923 1963 1045 2025 Cassius
1060 1965 1248 2044 Parmensis,

190 2066 296 2128 ultima
318 2065 423 2127 violati
445 2068 538 2144 patris
554 2065 848 2140 Caesarisvictima,
871 2071 903 2125 et
923 2063 1248 2136 buriamseptem

152 2160 159 2172 ’
191 2167 323 2228 maxime
355 2172 473 2242 notam,
507 2166 588 2245 quod
617 2164 857 2228 obscoenissime
886 2163 1019 2226 lanificio
1046 2168 1249 2245 textrinoque

190 2269 317 2347 reginae
346 2275 470 2328 senator
501 2266 605 2346 populi
637 2264 765 2327 Romani
798 2282 940 2344 praeesse
973 2283 1035 2327 non
1068 2265 1248 2328 erubuerat.

190 2367 310 2428 Dehinc
333 2367 444 2427 Caesar
465 2365 658 2446 pedestribus
681 2367 776 2445 copiis
799 2366 831 2426 in
855 2365 971 2446 Syriam
998 2365 1099 2442 venit,
1130 2367 1249 2427 deinde

190 2467 222 2530 iu
237 2466 341 2529 Asiam
364 2467 402 2528 ad
422 2467 551 2528 hiberna
573 2467 736 2546 concessit,
758 2484 794 2527 ac
809 2472 877 2544 post
891 2483 946 2544 per
963 2463 1126 2526 Graeciam
1137 2465 1247 2526 Brun-

190 2568 309 2629 dusium
332 2574 497 2647 pervectus
518 2572 573 2628 est.

524 2815 722 2953 Caput
773 2817 911 2925 XX.

188 3022 245 3086 De
266 3019 435 3104 triumpho
457 3017 624 3086 Caesarie
645 3023 679 3084 et
700 3019 838 3086 momine
858 3020 1019 3104 Aupusti,
1042 3019 1246 3085 monarchia

251 3121 348 3188 Rom.
372 3125 406 3187 et
426 3119 637 3205 Epiphaniae
657 3123 804 3208 nostrie,
833 3123 956 3190 deinde
979 3119 1084 3206 sontis
1113 3121 1182 3184 olei

620 3225 816 3308 explicatio.

272 3377 363 3438 Anno
399 3378 437 3440 ab
473 3377 555 3439 Urbe
591 3379 713 3440 condita
745 3377 913 3440 DCCXXV.
950 3378 1016 3456 ipso
1053 3375 1244 3455 Imperatore

189 3477 319 3538 Caesare
354 3476 495 3557 Augusto
536 3479 702 3558 quinquies
744 3485 775 3540 et
810 3477 843 3539 L.
880 3477 1013 3557 Apuleio
1050 3475 1244 3551 consulibus,

188 3577 300 3640 Caesar
324 3577 425 3638 victor
450 3577 488 3638 ab
516 3576 644 3639 Oriente
673 3578 814 3656 rediens,
844 3585 951 3639 octavo
981 3576 1052 3637 ldus
1080 3574 1245 3636 lanuarias

186 3677 294 3739 urbem
328 3677 439 3756 triplici
472 3677 624 3758 triumpho
657 3679 815 3759 ingressus
848 3685 912 3738 est:
947 3693 983 3737 ae
1015 3683 1078 3736 tum
1110 3675 1245 3754 primum

186 3779 252 3856 ipse
281 3777 346 3837 lani
380 3784 496 3856 portas,
529 3777 636 3855 sopitis
669 3777 825 3856 finitisque
859 3775 999 3838 omnibus
1033 3775 1122 3836 bellis
1157 3775 1243 3834 civi-

79 3932 84 3942 ,
187 3871 273 3954 [441]
314 3874 394 3936 libus
428 3876 545 3938 clausit.
610 3875 676 3936 Hoc
714 3875 764 3936 die
802 3873 933 3952 primum
965 3875 1125 3954 Augustus
1159 3889 1244 3934 oon-

186 3973 334 4033 salutatus
366 3982 421 4034 est.
467 3974 555 4046 Quod
589 3989 701 4036 nomen
731 3973 849 4034 cunctis
879 3981 969 4036 antea
997 3973 1181 4036 inviolatum
1213 3978 1246 4034 et
