2634 4434
697 311 769 382 150

202 553 256 636 qui
283 553 330 614 ire
357 551 389 612 in
417 549 590 627 Hispaniam
619 549 672 612 vel
700 547 787 610 miles
814 546 864 609 vel
896 547 1017 628 lagatus
1049 545 1193 624 auderet,
1226 547 1252 608 P.

203 639 306 734 Scipio
329 651 382 730 qui
404 656 510 730 postea
533 648 697 711 Africanus
720 655 767 711 est
790 648 904 723 dictus,
932 645 1013 707 ultro
1041 662 1111 707 sese
1138 647 1251 708 milita·
1309 729 1310 734 ἵ

200 762 302 816 turum
331 751 363 812 in
391 750 565 828 Hispaniam
594 747 724 826 obtulit,
758 767 827 810 cum
855 754 957 808 tamen
986 746 1017 807 iu
1046 744 1252 808 Macedoniam

201 850 288 936 [277]
311 858 394 913 sorte
421 851 480 930 jam
509 849 672 928 deputatus
699 855 789 910 esset.
833 849 940 927 ltaque
962 844 1119 926 proiectus
1141 847 1174 908 in
1195 845 1252 909 Hi-

200 955 336 1035 spaniam
360 966 484 1030 magnas
505 956 623 1030 strages
645 949 784 1032 gentium
807 949 901 1024 dedit,
924 947 1046 1026 saepius
1062 947 1153 1008 etiam
1170 948 1252 1010 mili-

200 1057 240 1117 tis
264 1070 354 1134 quam
376 1049 463 1112 ducis
486 1066 560 1111 usus
582 1048 693 1112 officio.
737 1048 811 1110 Nam
834 1054 866 1110 et
887 1047 1048 1110 barbarum
1078 1061 1252 1126 provocan-

199 1163 262 1217 tem
295 1150 493 1234 singulariter
525 1166 710 1232 congressus
743 1149 863 1212 occidit.
923 1147 994 1211 Ser:
1024 1154 1126 1209 autem
1160 1147 1254 1210 Galba

200 1260 323 1336 praetor
344 1271 362 1314 a
383 1251 537 1313 Lusitanis
559 1266 671 1331 magno
692 1249 809 1328 praelio
830 1249 930 1310 victus
953 1255 1015 1310 est:
1045 1249 1254 1328 universoque

201 1355 341 1418 exercitu
362 1352 474 1413 amisso
494 1351 560 1428 ipse
581 1367 650 1410 cum
668 1350 773 1428 paucis
789 1349 843 1410 vix
858 1348 980 1429 elapsus
996 1349 1101 1412 evasit.
1138 1347 1253 1412 Eodem

199 1464 338 1534 tempore
360 1468 506 1513 censores
528 1449 678 1512 theatrum
702 1449 854 1530 lapideum
876 1449 908 1510 in
923 1449 1004 1511 Urbe
1020 1451 1158 1511 construi
1172 1467 1253 1511 cen-

200 1560 344 1620 suerunt:
369 1552 450 1632 quod
473 1569 513 1612 ne
535 1558 610 1612 tunc
631 1549 720 1612 lieret
736 1550 838 1630 Scipio
853 1549 961 1612 Nasica
976 1550 1155 1631 gravissima
1178 1568 1253 1611 ora-

199 1657 285 1718 tioue
301 1652 433 1728 obstitit,
450 1651 556 1712 dicens
571 1651 814 1713 inimicissimum
830 1650 889 1712 hoc
904 1648 970 1711 iore
986 1649 1125 1711 bellatori
1140 1650 1254 1730 populo

200 1756 238 1818 ad
260 1752 452 1816 nutriendam
477 1752 623 1813 desidiam
644 1751 851 1831 lasciviaeque
867 1756 1087 1812 commentum:
1112 1751 1255 1830 adeoque

200 1856 296 1917 movit
316 1858 472 1927 senatum,
495 1859 530 1912 ot
551 1867 612 1911 non
635 1849 733 1911 solum
762 1851 855 1911 vendi
882 1851 984 1912 omnia
1013 1849 1131 1912 theatro
1162 1868 1255 1912 com·

199 1959 302 2035 parata
320 1952 465 2032 jusserit,
487 1951 542 2012 sed
565 1951 656 2011 etiam
679 1949 825 2012 subsellia
847 1950 927 2013 ludis
954 1950 1026 2030 poni
1053 1949 1255 2031 prohibuerit.

201 2051 403 2129 Quamobrem
421 2051 594 2130 intelligant
608 2051 715 2128 nostri,
738 2049 873 2130 (quibus,
892 2051 1041 2132 quidquid
1057 2059 1143 2114 extra
1158 2050 1254 2112 oble-

199 2160 384 2217 ctamentum
408 2150 544 2213 libidinis
567 2151 710 2228 occurrit,
733 2150 863 2214 offensio
879 2150 937 2232 est)
958 2156 1082 2230 propter
1096 2151 1155 2213 hoc
1169 2151 1256 2231 quod

197 2272 232 2317 se
255 2252 437 2315 infirmiores
460 2269 529 2314 esse
551 2249 690 2313 hostibus
716 2252 780 2312 suis
809 2253 867 2331 ipsl
893 2252 1030 2312 sentiunt
1058 2258 1089 2312 ct
1116 2250 1256 2313 latentur

198 2355 316 2416 theatra
338 2353 516 2432 incusanda,
532 2370 594 2414 non
610 2359 762 2431 tempora:
787 2369 845 2412 nec
865 2348 1137 2429 blasphemandum
1153 2352 1255 2414 Deum

196 2473 322 2532 verum,
345 2453 397 2533 qui
420 2471 519 2533 usque
541 2453 580 2514 ad
601 2470 685 2514 nuuc
707 2470 743 2514 ea
765 2451 922 2533 prohibet,
949 2450 1004 2512 sed
1031 2450 1255 2515 abominandos

197 2557 279 2617 Deos
300 2553 351 2615 vel
374 2553 540 2615 daemones
561 2570 644 2629 suos,
668 2554 721 2632 qui
743 2554 800 2614 ista
823 2553 988 2632 petierunt,
1007 2549 1158 2629 profundo
1175 2555 1253 2632 qui·

197 2655 266 2716 dem
288 2653 362 2714 satis
386 2652 581 2734 malignitatis
596 2669 671 2713 snae
687 2659 867 2732 argumento
883 2652 945 2712 tale
958 2650 1139 2713 sacrificinm
1156 2650 1253 2734 flagi-

197 2750 283 2836 [278]
306 2761 422 2830 lantes,
451 2769 513 2832 quo
541 2768 602 2811 non
629 2751 726 2832 magis
754 2748 823 2810 suso
852 2768 962 2812 cruore
985 2752 1134 2832 pecudum
1157 2771 1253 2832 quam

195 2854 354 2936 profligata
375 2855 490 2914 virtute
512 2851 670 2911 hominum
693 2857 899 2929 pascerentur.
943 2851 1018 2914 Nam
1041 2854 1149 2933 utique
1175 2860 1254 2916 tunc

195 2973 255 3014 nee
276 2953 397 3029 hostes,
420 2969 480 3012 nec
500 2949 613 3026 sames,
636 2968 696 3012 nec
712 2950 839 3030 morbi,
868 2969 927 3014 nec
948 2953 1087 3035 prodigia
1109 2953 1252 3031 deerant,

179 3053 287 3116 'immo
310 3059 384 3113 tunc
406 3050 534 3131 plurima
556 3058 660 3126 erant;
684 3051 739 3115 sed
755 3052 871 3114 theatra
886 3070 948 3114 non
963 3061 1062 3131 erant,¹
1077 3054 1108 3115 in
1124 3054 1251 3134 quibus,

195 3154 278 3234 quod
300 3151 481 3214 incredibile
504 3151 587 3213 dictu
611 3160 668 3230 est,
695 3153 733 3216 ad
755 3171 836 3216 aram
860 3153 1000 3216 luxuriae
1023 3155 1170 3216 virtutum
1193 3157 1251 3217 vi-

194 3256 304 3316 ctimae
327 3254 526 3315 trucidantur.
566 3252 870 3335 Carthaginiensibus
892 3253 1177 3333 aliquando‘visum
1201 3262 1252 3316 est

192 3353 333 3414 homines
360 3355 533 3431 immolare,
561 3355 617 3416 sed
650 3355 728 3416 male
762 3361 934 3436 praesumta
967 3341 1125 3434 persuasio
1156 3354 1253 3418 brevi

192 3451 406 3534 praetermissa
423 3459 479 3528 est,
499 3453 671 3517 aRomanis
685 3472 761 3517 vero
777 3461 917 3516 exactum
934 3461 981 3516 est
995 3463 1030 3517 ut
1044 3460 1143 3516 semet
1163 3456 1252 3534 ipsos

192 3553 357 3634 perditioni
372 3553 594 3633 impenderent.
623 3555 746 3615 Factum
762 3561 819 3632 est,
835 3554 878 3630 fit,
894 3562 1013 3617 amatur
1033 3562 1065 3618 et
1087 3554 1251 3634 clamatur,

192 3661 227 3716 ut
248 3652 316 3715 fiat:
341 3654 394 3733 qui
417 3672 471 3734 pro
493 3655 650 3716 mactanda
672 3655 776 3735 gregis
796 3655 844 3716 sui
860 3656 978 3735 pecude
994 3653 1123 3718 lortasse
1139 3655 1250 3718 offen-

88 3804 91 3812 .
192 3755 349 3829 darentur,
360 3806 363 3811 ,
373 3771 427 3832 pro
442 3753 653 3816 interficienda
669 3754 770 3816 cordis
785 3754 834 3814 sui
848 3755 961 3818 virtute
977 3755 1144 3818 laetantur:
1169 3757 1251 3837 quin

190 3853 292 3929 potios
320 3851 449 3914 Nasicae
477 3852 678 3930 erubescant,
708 3853 761 3933 qui
789 3851 968 3917 Christianis
996 3854 1251 3937 exprobrandum

190 3956 313 4027 putant:
338 3958 370 4011 et
390 3968 451 4012 non
475 3949 563 4012 nobis
582 3952 621 4013 de
644 3951 793 4032 hostibus,
817 3971 893 4033 quos
916 3973 1037 4036 semper
1058 3956 1250 4036 habuerunt,
