2634 4434
474 310 682 419 Q

50 552 202 607 rostratae
226 543 314 606 luere
337 542 475 607 Caesaris
498 558 592 607 naves
615 552 646 607 et
668 545 792 625 triginta
814 544 882 605 sine
902 544 1020 622 rostris,
1042 546 1102 607 tri·

49 663 154 709 remes
180 644 343 706 uelocitate
372 644 532 707 liburnicis
558 662 648 725 pares
676 651 708 705 et
739 650 809 705 octo
842 643 983 723 legiones
1015 644 1105 705 classi

46 746 273 825 superpositae,
296 746 413 826 absque
429 745 605 808 cohortibus
628 746 766 826 quinque
789 744 955 823 praetoriis.
994 743 1105 804 Classis

49 846 181 907 Antonii
204 853 326 906 centum
349 848 541 927 septuaginta
564 848 688 909 navium
710 846 779 922 luit,
806 851 953 923 quantum
975 860 1105 904 numero

23 959 36 977 ⁴
51 946 179 1022 cedens,
202 952 318 1006 tantum
341 948 551 1027 magnitudine
573 945 773 1025 praecellens.
817 943 891 1005 Nam
914 946 1021 1006 decem
1043 960 1104 1022 pe·-

50 1045 123 1107 dum
148 1044 309 1107 altitudine
332 1064 348 1107 a
371 1048 447 1105 mari
469 1044 604 1106 aberant.
648 1045 806 1105 Famosum
829 1052 861 1103 et
883 1062 1024 1124 magnum
1047 1042 1107 1103 hoc

49 1145 168 1205 bellum
192 1145 270 1224 apud
286 1144 409 1205 Actium
432 1144 497 1205 fuit.
530 1144 578 1204 Ab
602 1143 674 1204 hora
697 1144 802 1222 quinta
825 1160 925 1222 usque
947 1144 978 1204 in
994 1143 1106 1206 ‚horam

50 1246 224 1323 septimam,
247 1248 364 1305 incerta
379 1244 523 1305 vincendi
545 1261 609 1324 spe,
632 1244 831 1324 gravissimae
852 1244 1007 1323 utrimque
1029 1259 1106 1303 cae-

50 1344 105 1405 des
132 1351 234 1405 actae:
259 1342 409 1421 reliquum
434 1344 495 1406 diei
519 1364 588 1406 oum
611 1344 821 1425 subsequente
842 1351 934 1404 nocte
955 1345 986 1404 in
1001 1344 1106 1403 victo-

48 1446 131 1505 riam
157 1441 294 1502 Caesaris
317 1443 490 1505 declinavit.
528 1445 612 1505 Prior
627 1445 734 1524 regina
751 1445 908 1525 Cleopatra
924 1462 993 1505 curn
1008 1460 1106 1503 sexa-

49 1545 141 1623 ginta
168 1541 369 1603 velocissimis
397 1543 528 1604 navibus
556 1542 649 1624 lngit3
685 1544 838 1604 Antonius
871 1562 1011 1622 quoque,
1045 1544 1106 1603 de-

50 1650 153 1704 tracto
182 1642 297 1721 insigni
323 1644 494 1721 praetoriae
525 1644 627 1720 navis,
661 1643 830 1723 lugientem
863 1650 988 1704 secutus
1022 1638 1108 1729 [438]

53 1751 102 1805 est
125 1758 264 1803 uxorem.
309 1741 512 1805 illucescente
537 1746 595 1825 jam
625 1744 676 1805 die
702 1744 860 1804 victoriam
890 1742 1001 1803 Caesar
1027 1759 1107 1802 con-

53 1842 228 1905 summavit.
272 1840 318 1901 Ex
338 1843 429 1903 victis
452 1844 612 1906 duodecim
636 1844 729 1906 millia
751 1843 900 1905 cecidisse
921 1841 1109 1917 referuntur,

54 1960 112 2004 sex
136 1941 230 2003 millia
252 1942 411 2003 vulnerata
434 1950 520 2021 sunt,
549 1964 566 2005 e
594 1946 707 2025 quibus
733 1944 817 2006 mille
839 1944 920 2005 inter
941 1942 1108 2004 curandum

55 2041 248 2105 deiecerunt.
292 2041 445 2105 Antonius
469 2052 499 2105 et
522 2045 680 2124 Cleopatra
703 2062 880 2107 communes
903 2045 1016 2105 liberos
1039 2061 1109 2104 eum

56 2151 147 2221 parte
175 2143 280 2222 regiae
309 2162 406 2223 gazae
434 2144 470 2204 ad
498 2145 623 2205 rubrum
653 2165 736 2205 mare
762 2144 1001 2222 praemittendos
1029 2161 1108 2203 cen-

54 2249 194 2304 suerunt.
239 2241 299 2321 lpsi
328 2244 488 2322 praesidiis
516 2246 596 2305 circa
625 2246 686 2305 dno
714 2244 846 2323 Aegypti
874 2258 999 2317 cornua,
1024 2237 1110 2323 [439]

55 2342 212 2403 Pelusium
230 2342 516 2420 Paraetoniumque,
540 2346 704 2423 dispositis,
727 2344 854 2404 classem
878 2349 909 2402 et
931 2343 1033 2419 copias
1056 2343 1110 2401 in-

55 2442 224 2503 staurando
249 2439 331 2501 bello
353 2448 545 2517 paraverunt.
591 2442 703 2501 Caesar
723 2448 843 2501 sextum
867 2442 1032 2517 imperator
1052 2459 1110 2518 ap-

57 2532 207 2620 pellatum,
240 2544 271 2597 et
300 2545 439 2615 quartum
467 2538 533 2615 ipse
563 2556 631 2599 cum
659 2538 696 2602 M.
723 2539 841 2599 Licinio
870 2537 978 2601 Crasso
1004 2538 1112 2602 consul

56 2638 265 2702 Brundusium
289 2637 390 2712 venit,
413 2635 519 2715 ibique
541 2638 624 2700 orbis
651 2647 801 2702 terrarum
829 2641 979 2719 praesidia
1006 2642 1112 2705 divisis

57 2737 237 2821 legionibus
260 2738 436 2815 composuit.
473 2734 548 2797 lude
570 2739 602 2799 in
627 2738 744 2819 Syriam
767 2739 934 2821 proiectus,
957 2760 1028 2804 mox
1049 2744 1112 2804 Pe-

59 2839 173 2899 lusium
205 2838 293 2911 adiit3
325 2837 378 2897 ubi
407 2836 444 2898 ab
467 2837 649 2900 Antonianis
672 2841 832 2919 praesidiis
850 2841 930 2904 ultro
952 2851 1113 2921 susceptus

62 2946 119 2999 est.
162 2938 284 2999 Interea
308 2937 467 2999 Cornelius
490 2938 593 3001 Gallus
616 2942 800 3020 praemissus
827 2961 844 3004 a
873 2942 1003 3006 Caesare
1030 2962 1112 3023 qua-

62 3043 133 3098 tuor
156 3038 311 3118 legiones,
340 3055 415 3117 quas
437 3038 590 3099 Antonius
619 3040 698 3119 apud
722 3041 857 3119 Cyrenas
878 3045 1022 3123 praesidii
1044 3046 1113 3106 loco

64 3138 280 3216 constituerat,
308 3140 444 3217 suscepit
471 3139 501 3199 in
530 3138 636 3199 iidem:
672 3147 764 3217 atque
791 3141 863 3201 inde
890 3143 1113 3220 Paraetonium,

63 3238 189 3313 primam
209 3238 342 3318 Aegypti
364 3256 381 3298 a
403 3237 517 3319 Libyae
539 3245 624 3317 parte
647 3240 813 3316 civitatem,
834 3241 917 3301 victo
939 3243 1020 3320 cepit
1042 3242 1112 3303 An-

66 3338 165 3412 tonio,
199 3338 360 3417 ipsumque
393 3339 539 3399 continuo
569 3338 647 3418 apud
677 3338 804 3404 Pharum
838 3336 927 3402 vicit:
961 3342 1114 3406 Antonius

68 3444 210 3515 equestre
240 3438 386 3499 adversus
415 3437 574 3499 Caesarem
602 3437 716 3500 bellum
745 3441 829 3515 iniit3
863 3442 895 3503 in
924 3460 961 3505 eo
989 3462 1114 3523 quoque

69 3537 281 3604 miserabiliter
302 3540 402 3599 victus
424 3536 552 3617 aufugit.
586 3537 730 3601 Kalendis
746 3540 912 3603 Sextilibus
928 3544 1022 3621 prima
1044 3544 1115 3603 luce

70 3635 219 3697 Antonius
243 3657 310 3700 oum
334 3639 371 3701 ad
394 3636 601 3700 instruendam
626 3639 752 3701 classem
775 3642 807 3703 in
830 3650 949 3720 portum
978 3643 1113 3703 deseen-

71 3732 169 3812 deret,
202 3738 303 3798 subito
337 3739 500 3799 universae
533 3757 627 3801 naves
659 3741 698 3801 ad
727 3740 886 3803 Caesarem
919 3741 1115 3803 transierunt.

71 3832 206 3915 Cumque
228 3838 320 3898 unico
343 3839 495 3916 praesidio
517 3840 663 3918 spoliatus
692 3847 789 3914 esset,
819 3839 955 3917 trepidus
983 3855 1017 3898 se
1045 3858 1113 3901 cum

71 3936 173 4008 paucis
194 3937 312 4013 recepit
334 3938 365 3996 in
388 3937 511 4015 regiam.
547 3937 669 3999 Deinde
691 3938 870 3998 imminente
893 3936 1022 4000 Caesare
1044 3947 1114 4000 tur-
