2634 4434
13 545 43 617 ἢ,
58 533 101 587 »⁴³
160 513 172 610 J
210 534 285 597 llam
308 552 378 597 cum
400 535 560 616 superiore
574 522 665 597 'bono
686 536 798 617 viginti
822 535 914 596 millia
944 534 1142 616 Samnitium,
1172 538 1258 603 Fabio

148 618 163 712 j
211 637 356 717 magistro
378 636 517 716 equitum
539 618 672 717 pugnam
688 642 883 713 conserente,
906 635 1101 714 cecidissent,
1125 639 1257 701 circum-

124 712 138 731 *
200 737 363 814 spectione
390 734 644 798 cura··Samoites
666 755 703 798 ac
725 738 821 817 magis
844 738 993 798 instructo
1015 737 1160 816 adparatu
1184 739 1258 818 apud

210 835 363 896 Caudinas
385 833 519 896 furculas
541 836 763 914 consederunt,
790 837 844 899 ubi
871 854 940 898 cum
963 835 1124 898 Veturium
1147 845 1180 900 et
1200 840 1257 912 1³0ss

211 929 301 1008 [lta]
323 934 468 997 stumium
490 935 644 1014 consules,
668 953 837 1017 omnesque
860 938 962 1017 copias
977 935 1182 1000 Romanorum
1205 957 1259 1000 an·

209 1029 320 1116 gustiis
342 1034 479 1097 locorum
502 1036 656 1116 armisque
686 1038 884 1115 clausissent,
914 1037 1038 1099 Pontius
1067 1038 1130 1099 dux
1157 1056 1260 1100 eorum

210 1135 242 1195 iu
271 1142 387 1197 tantum
412 1136 527 1198 abusus
554 1143 602 1198 est
628 1139 776 1201 victoriae
803 1139 984 1214 securitate,
1011 1144 1046 1198 ut
1073 1137 1258 1200 Herennium

208 1242 326 1314 patrem
349 1237 572 1299 consulendum
593 1245 730 1317 putaret,
753 1246 854 1301 utrum
878 1237 1035 1301 occideret
1060 1237 1196 1316 clausos,
1224 1255 1260 1300 an

208 1344 351 1414 parceret
377 1337 563 1418 subjugatis:
595 1343 629 1399 ut
656 1339 746 1400 vivos
774 1346 874 1402 tamen
904 1337 1260 1414 dedecori-reservaret,

209 1434 313 1517 elegit.
355 1435 507 1500 Romanos
537 1438 619 1499 enim
646 1447 736 1502 antea
765 1441 944 1521 saepissime
971 1441 1054 1502 vinci
1088 1446 1119 1502 et
1151 1439 1260 1515 occidi,

209 1526 366 1616 nunonem
388 1544 490 1600 autem
513 1539 590 1617 capi,
612 1547 666 1601 aut
686 1540 724 1602 ad
740 1541 927 1604 deditionem
944 1541 1013 1622 cogi
1029 1542 1165 1620 potuisse
1179 1541 1260 1602 ‘con-

182 1637 315 1740 ,mabil
359 1638 403 1700 lta
426 1637 588 1716 Samnites,
610 1640 740 1704 victoria
762 1642 861 1721 potiti,
884 1643 1063 1704 universum
1090 1641 1260 1703 exercitum

8 1748 57 1821 ff*-
70 1731 377 1830 “synemenon
400 1738 672 1820 turpiter'caplum
694 1743 786 1804 armis
810 1743 901 1805 etiam
922 1741 1177 1821 vestimentisque
1196 1757 1262 1800 nu-

45 1816 62 1836 *
137 1827 138 1830 '
185 1837 323 1915 datum,
345 1845 462 1900 tantum
477 1840 608 1920 singulis
622 1842 783 1905 vilioribus
804 1841 1001 1922 operimentis
1023 1839 1062 1900 ob
1085 1839 1263 1902 verecunda

209 1955 370 2018 corporum
393 1938 525 2019 tegenda
547 1943 714 2018 concessis,
737 1941 914 2021 subjugum
931 1941 1055 2002 missum
1071 1941 1264 2020 servilioque

208 2037 397 2117 subjectum,
430 2038 556 2120 longum
584 2060 678 2124 agere
706 2057 832 2121 pompae
860 2040 1005 2102 ordinem*
1028 2045 1263 2120 praeceperunt.

134 2215 146 2238 ·
209 2136 371 2201 Sexcentis
393 2146 494 2201 autem
515 2142 672 2222 equitibus
693 2139 836 2201 Romanis
858 2141 889 2201 in
917 2139 1088 2203 obsidatum
1115 2141 1265 2220 receptis,

208 2246 351 2301 oneratos
376 2240 555 2322 ignominia,
577 2242 708 2304 caeteris
730 2238 824 2300 rebus
845 2258 971 2316 vacuos,
994 2241 1137 2301 consules
1159 2240 1264 2300 remi-

155 2358 160 2421 ξ
208 2345 324 2400 serunt
370 2340 450 2414 Quid
480 2342 519 2405 de
551 2340 766 2423 exaggeranda
799 2338 890 2418 hujus
923 2336 1091 2398 foedissimi
1124 2338 1266 2402 foederis

208 2439 326 2502 macula
349 2441 452 2504 verbis
474 2444 621 2520 laborem,
644 2442 698 2521 qui
720 2445 824 2508 tacere
839 2433 1033 2500 maluissent
1062 2436 1160 2498 Hodie
1176 2441 1265 2502 enim

207 2538 336 2604 Romani
364 2549 418 2603 aut
446 2523 570 2604 omnino
598 2559 661 2603 non
688 2545 808 2614 essent,
841 2544 894 2598 aut
927 2535 1049 2600 Samnio
1083 2537 1265 2600 dominante

207 2641 378 2719 servirent,
405 2641 433 2704 si
453 2641 544 2703 fidem
566 2639 717 2716 foederis,
741 2655 833 2718 quam
856 2637 914 2698 sibi
936 2638 1053 2711 servari
1074 2655 1092 2698 a
1113 2635 1264 2716 subjectis

206 2739 331 2820 volunt,
364 2742 422 2822 ipsi
451 2738 581 2819 subJecti
610 2736 798 2798 Samnitibus
828 2726 1044 2800 servavissent.
1087 2725 1264 2799 Posteriora

207 2859 289 2904 anno
318 2841 491 2920 infringunt
516 2837 644 2899 Romani
666 2836 812 2899 firmatam
836 2855 905 2900 cum
929 2837 1115 2902 Samnitibus
1136 2838 1262 2917 pactio-

207 2959 295 3017 nem,
319 2955 435 3017 eosque
458 2935 626 2998 inbellem
649 2945 781 3020 cogunt,
810 2938 892 3018 quod
913 2937 1031 3018 Papirio
1054 2924 1181 3000 consule
1204 2937 1261 2998 in-

207 3041 336 3103 sistente
358 3037 552 3099 commissum'
574 3054 699 3119 magnas
721 3046 839 3120 strages
858 3039 1019 3117 utriusque
1040 3038 1143 3118 populi
1166 3035 1261 3099 dedit.

209 3141 348 3216 Cumque
370 3137 443 3198 binc
464 3138 510 3200 ira
530 3139 664 3200 recentis
687 3138 847 3219 infamiae,
876 3138 948 3201 inde
975 3137 1072 3219 gloria
1101 3138 1262 3217 proximae

206 3237 357 3299 victoriae
378 3245 550 3318 pugnantes
572 3239 798 3318 instimularet,
818 3239 941 3303 landem
967 3237 1095 3299 Romani
1117 3239 1261 3318 pertina-

142 3354 146 3361 ·
207 3336 285 3400 citer
312 3337 473 3400 moriendo
499 3338 657 3401 vicerunt:
692 3357 750 3402 nee
783 3341 870 3402 caedi
901 3338 1017 3420 pariter
1048 3338 1099 3400 vel
1128 3339 1262 3400 caedere

47 3480 52 3489 ι
93 3449 176 3514 ¹·,³1
188 3437 409 3523 destiterunt,
438 3437 499 3500 nisi
520 3445 680 3519 postquam
701 3441 792 3504 victis
811 3439 1002 3504 Samnitibus
1024 3445 1056 3499 et
1077 3445 1166 3518 capto
1188 3438 1262 3500 duci

182 3530 369 3618 leonum,
356 3556 466 3621 jugum
493 3548 706 3619 reposuerunt
750 3541 834 3603 ldem
861 3539 973 3602 deinde
995 3535 1131 3619 Papirius
1156 3538 1259 3602 Satri-

207 3637 301 3724 [180]
317 3659 403 3717 cam,
430 3640 559 3720 expulso
585 3641 658 3701 inde
686 3640 851 3702 Samnitico
879 3639 1047 3720 praesidio,
1070 3637 1262 3718 expugnavit

208 3748 239 3804 et
271 3743 361 3822 oepit.
404 3741 461 3803 llic
493 3746 595 3802 autem
628 3740 765 3818 Papirius
792 3740 869 3802 adeo
899 3746 973 3801 tunc
1000 3739 1080 3819 apud
1107 3737 1262 3798 Romanos

207 3841 459 3905 bellicosissimus
480 3857 516 3902 ac
538 3840 768 3924 strenuissimus
782 3837 962 3917 habebatur,
986 3846 1020 3901 ut
1035 3857 1103 3901 cum
1119 3837 1261 3899 Alexan-

208 3939 418 4024 der-*Magnus
450 3939 614 4018 disponere
647 3938 804 4002 diceretur
834 3940 873 4002 ab
907 3941 1035 4004 Oriente
1067 3938 1261 4001 descendens
