2634 4434
554 345 625 416 159

61 586 198 648 secundo
229 592 345 666 septem
379 586 472 648 millia
507 603 595 648 caesa
629 585 775 648 claudius
807 585 971 648 historicus
1003 588 1113 664 relert3

60 685 200 748 Valerius
236 685 344 747 Antias
381 688 412 746 in
449 685 564 748 Achaia
601 694 769 768 pugnatum
807 693 838 749 et
873 688 985 768 viginti
1022 689 1116 751 millia

59 785 253 848 Achaeorum
275 805 345 849 cum
368 788 447 849 duce
468 805 526 850 suo
546 789 644 850 Diaeo
672 787 823 851 cecidisse
851 786 1026 850 confirmat:
1051 787 1114 867 Po·

59 886 162 966 lyhius
193 886 348 964 Achivos,
383 889 522 968 quamvis
555 895 629 950 tunc
662 888 694 948 in
727 887 833 950 Africa
866 906 936 950 cum
970 887 1117 968 Scipione

58 986 163 1063 luerit,
187 993 287 1049 lamen
311 988 383 1067 quia
405 989 602 1051 domesticam
625 988 743 1050 cladem
766 990 909 1070 ignorare
928 1004 991 1049 non
1006 988 1117 1068 potuit,

57 1088 155 1149 semel
178 1088 210 1148 in
232 1087 347 1150 Achaia
371 1096 537 1168 pugnatum
562 1088 695 1151 Critolao
718 1088 798 1150 duce
826 1088 955 1164 adserit3
985 1087 1116 1150 Diaeum

57 1206 134 1249 vcro
168 1187 372 1250 adducentem
407 1206 447 1248 ex
479 1188 610 1250 Arcadia
644 1187 757 1250 milites
784 1186 822 1248 ab
853 1189 963 1250 codem
990 1186 1116 1249 Metello

56 1296 199 1367 praetore
222 1305 400 1368 oppressum
423 1306 493 1349 cum
516 1289 655 1351 exercitu
679 1288 778 1350 docet.
819 1287 880 1352 Sed
904 1290 942 1350 de
965 1289 1116 1351 varietate

55 1383 296 1450 discordantium
323 1388 535 1450 historicorum
558 1388 714 1469 aliquanta
730 1391 794 1470 jam
817 1389 961 1468 diximus,
984 1405 1115 1469 quorum

53 1489 191 1550 sufficiat
219 1488 339 1550 detecta
371 1488 449 1550 haec
481 1495 514 1550 et
545 1489 624 1550 male
657 1496 730 1551 nota
762 1490 991 1552 mendaciorum
1025 1495 1113 1550 nota:

53 1589 131 1669 quia
154 1605 261 1667 parum
284 1586 472 1648 credendum
494 1603 564 1648 esse
592 1587 624 1648 in
652 1589 784 1649 caeteris
813 1589 975 1650 evidenter
1003 1596 1114 1651 osten-

53 1689 150 1763 dunt,
179 1688 233 1766 qui
261 1688 294 1748 in
321 1687 368 1748 his
395 1702 536 1766 quoque,
565 1703 644 1764 quae
672 1687 731 1766 ipsi
752 1687 874 1764 videre,
898 1689 1013 1750 diversi
1035 1695 1117 1752 sunl.

54 1788 155 1868 igitur
177 1794 245 1866 post
267 1788 403 1848 extincta
427 1786 520 1847 totius
542 1784 678 1847 Achaiae
705 1785 873 1865 praesidia,
901 1787 1115 1849 destitutarum

54 1888 251 1949 eversionem
289 1887 411 1948 urbium
446 1884 571 1946 Metello
606 1893 749 1965 praetore
786 1887 969 1964 meditante,
1006 1887 1115 1950 consul

54 1987 219 2050 hlummius
241 1989 422 2068 repentinus
444 2003 513 2047 cum
536 1986 642 2064 paucis
664 1987 751 2048 venit
773 1989 804 2049 in
833 1994 946 2064 castra,
978 1989 1032 2070 qui
1060 1988 1113 2050 di·

56 2090 151 2150 misso
184 2089 284 2150 statim
317 2087 441 2150 Metello
480 2085 658 2148 Corinthum
691 2088 759 2150 sinc
794 2105 877 2150 mora
914 2089 1113 2170 expugnavit,

55 2189 165 2250 urbem
182 2195 245 2249 toto
261 2195 334 2250 tunc
350 2187 424 2250 urhe
439 2188 532 2268 longe
547 2188 683 2250 omnium
699 2188 976 2269 opulentissimam:
1000 2188 1114 2268 quippe

56 2307 140 2370 quae
162 2287 249 2350 velut
271 2287 393 2350 cilicina
415 2287 552 2349 omnium
573 2287 723 2350 artificum
746 2294 840 2369 atque
861 2287 1059 2350 artificiorum
1082 2293 1114 2350 et

55 2389 227 2469 emporium
251 2405 413 2450 commune
435 2387 529 2448 Asiae
551 2395 643 2468 atquc
666 2387 807 2468 Europae
828 2406 885 2467 per
907 2389 1001 2450 multa
1028 2394 1113 2448 retro

55 2489 182 2552 saecula
211 2487 277 2549 fuit.
321 2486 471 2548 Permissa
494 2486 663 2548 crudeliter
684 2487 773 2547 etiam
798 2488 925 2568 captivis
948 2485 1123 2566 praedandi¹
1191 2535 1193 2544 ,

55 2589 199 2665 licentia,
232 2589 277 2650 sic
309 2587 411 2649 omnia
443 2585 590 2647 caedibus
622 2583 809 2665 ignibusque
841 2586 992 2666 completa
1026 2581 1113 2668 [291]

55 2698 147 2766 sunt,
180 2694 215 2750 ut
246 2689 285 2751 de
319 2705 473 2750 murorum
504 2684 619 2748 ambitu
648 2687 736 2765 quasi
764 2704 782 2747 e
810 2686 930 2748 camino
957 2687 990 2748 in
1017 2704 1113 2748 unum

57 2793 177 2870 apicem
211 2795 378 2851 coartatum
412 2786 584 2849 exundaret
615 2786 800 2848 incendium.
845 2785 952 2865 ltaque
983 2786 1114 2866 plurima

57 2897 144 2971 parte
167 2888 271 2969 populi
293 2887 376 2950 lerro
394 2887 585 2968 llammisquc
600 2893 760 2950 consumta
782 2885 901 2966 reliqua
922 2886 980 2948 suh
1000 2903 1115 2953 corone

58 2989 186 3052 vendita
202 2995 256 3052 est.
299 2988 381 3050 Urbe
403 2989 530 3051 incensa
552 2988 632 3050 muri
646 2986 785 3050 funditus
808 2986 901 3051 diruti
923 2993 1003 3051 sunt.
1039 2985 1113 3049 Mu·

58 3091 132 3153 ralis
154 3090 230 3169 lapis
252 3089 284 3150 in
306 3089 465 3169 pulverem
488 3088 640 3164 redactus,
663 3087 776 3168 praeda
797 3089 909 3169 ingens
931 3093 1036 3169 erepta
1059 3095 1114 3151 est.
1225 3156 1227 3164 s

62 3191 144 3255 Sane
178 3207 248 3252 cum
277 3195 402 3269 propter
429 3187 653 3249 multitudinem
684 3194 715 3248 et
741 3187 920 3248 uarietatem
947 3194 1115 3249 statuarum

60 3291 356 3368 simulacrorumque
372 3289 404 3349 in
418 3288 471 3350 illo
487 3288 619 3350 ciuitatis
634 3287 779 3349 inccndio
794 3287 943 3364 permixta
965 3288 997 3349 in
1020 3303 1116 3350 unum

60 3393 129 3454 auri
150 3391 271 3473 argenti
294 3396 386 3468 atque
409 3390 489 3451 aeris
511 3387 676 3467 omniaque
697 3386 789 3448 simul
808 3385 1115 3466 metalladuxissent,

61 3509 176 3554 novum
197 3507 298 3573 genus
321 3490 434 3552 metalli
457 3488 570 3551 lactum
592 3494 650 3564 est,
673 3488 756 3550 unde
771 3505 870 3570 usquc
886 3489 917 3550 in
933 3488 1115 3552 hodiernum

62 3591 144 3653 diem
172 3593 238 3654 sive
269 3609 310 3651 ex
336 3591 420 3670 ipso,
448 3589 515 3652 sive
544 3607 584 3650 cx
616 3589 786 3652 imitatione
820 3592 887 3673 ejus
919 3607 971 3654 aes
1001 3589 1115 3650 Corin·

63 3690 175 3770 thium,
212 3693 294 3754 sicut
326 3691 491 3755 memoriae
524 3690 666 3754 traditum
700 3699 763 3770 est,
797 3699 828 3754 et
855 3689 1011 3754 Corinthia
1044 3703 1116 3749 vasa

64 3789 214 3854 dicuntur.
