2634 4434
547 335 617 406 153

61 572 188 633 eundern
211 587 294 633 nunc
316 573 422 634 mortis
444 573 561 633 exitum
583 570 702 633 iaciens
723 570 889 644 nouissima
904 571 1012 653 regina
1027 571 1106 636 Car-

60 670 199 752 thaginis,
222 689 313 751 quem
336 671 490 750 quondam
512 672 609 752 prima
631 670 767 734 fecisset.
799 671 867 752 lpsa
883 677 986 734 autem
1000 672 1108 736 civitas

59 770 162 832 decem
185 778 216 833 et
237 778 355 850 septem
377 773 532 834 continuis
554 771 665 835 diebus
687 772 776 850 arsit,
800 773 1010 852 miserumque
1031 789 1107 851 spe·
1157 817 1160 824 .

58 870 207 933 ctaculum
223 871 262 933 de
276 871 427 933 varietate
448 871 632 935 conditionis
653 873 806 936 humanae
825 871 996 936 victoribus
1018 865 1107 954 [282]

55 959 117 1032 suis
151 971 299 1051 praebuit
343 971 451 1034 Diruta
478 979 526 1034 est
552 981 656 1035 autern
684 971 849 1054 Carthago,
871 972 967 1034 nonni
999 971 1110 1034 murali

54 1069 154 1150 lapide
176 1072 207 1132 in
229 1071 389 1151 pulverem
412 1074 610 1151 comminuto,
631 1073 906 1154 septingentesimo
933 1080 1001 1152 post
1027 1088 1109 1135 anno

55 1187 144 1250 quam
168 1172 290 1234 condita
318 1179 391 1234 erat.
435 1171 598 1235 Multitudo
626 1174 726 1236 omnis
753 1174 942 1253 captivorum
971 1173 1109 1252 exceptis

54 1272 159 1350 paucis
179 1272 369 1352 principibus
390 1274 575 1336 venumdata
603 1279 660 1335 est
711 1272 755 1336 lta
786 1280 911 1353 quarto,
934 1290 1024 1354 quam
1054 1273 1108 1334 in-

54 1379 176 1451 ceptum
198 1371 267 1450 luit,
289 1390 370 1435 anno
392 1373 506 1436 bellum
519 1375 668 1438 Punicum
689 1375 812 1436 tertium
836 1375 1030 1436 terminatum
1053 1380 1108 1436 est.

54 1471 113 1534 Sed
130 1471 206 1533 mihi
222 1471 389 1550 quamlibet
402 1475 540 1538 studiose
560 1475 733 1554 quaerenti,
756 1481 969 1537 verumtamen
991 1474 1109 1537 homini

30 1644 33 1652 .
52 1571 198 1633 tardioris
220 1571 349 1651 ingenii,
371 1591 523 1654 nusquam
545 1577 671 1636 omnine
694 1591 785 1636 causa
807 1575 999 1637 belliPuniei
1015 1577 1109 1652 tertii,

53 1689 145 1751 quam
162 1672 327 1733 intantum
343 1670 495 1754 Carthago
511 1672 698 1750 accenderit,
714 1681 749 1735 ut
766 1674 850 1753 juste
873 1675 972 1734 everti
994 1674 1109 1736 decer-

53 1778 197 1850 neretur,
220 1770 326 1834 eluxit.
368 1771 511 1854 illudque
534 1791 584 1836 me
605 1773 657 1836 vel
679 1773 810 1838 maxime
834 1779 952 1850 movet,
979 1771 1111 1854 quodsi

52 1873 104 1950 ita,
128 1877 164 1934 ut
185 1871 218 1934 in
239 1871 451 1952 ermanaricus
472 1871 562 1936 bellis
582 1874 713 1940 evidere
735 1875 767 1935 in
787 1873 1003 1954 adsurgentem
1019 1889 1111 1938 causa

54 1979 85 2034 et
105 1972 197 2036 dolor
210 1972 408 2052 accendebat,
430 1975 658 2037 consultatione
679 1989 741 2036 non
765 1989 841 2053 opus
863 1980 936 2036 erat.
972 1974 1014 2037 At
1033 1991 1111 2036 vero

55 2092 124 2135 curn
147 2073 200 2134 alii
214 2071 420 2138 Romanorum
440 2079 565 2156 propter
584 2081 766 2156 perpetuam
780 2073 894 2136 Romae
913 2075 1109 2138 securitatem

55 2174 220 2237 delendam
247 2190 317 2236 esse
344 2173 566 2253 decernerent,
599 2175 651 2237 alii
678 2192 754 2237 vero
783 2180 907 2254 propter
933 2181 1111 2254 perpetuam

54 2273 209 2337 Romanae
235 2275 358 2337 virtutis
385 2292 506 2357 curam,
536 2291 617 2356 quae
644 2275 704 2338 sibi
730 2292 853 2354 semper
874 2292 914 2335 ex
935 2275 1111 2354 suspicione

54 2374 197 2438 aemulae
218 2373 303 2437 urbis
325 2374 528 2455 impenderet,
549 2393 591 2436 ne
612 2377 703 2456 vigor
716 2376 870 2437 Romanus
885 2374 975 2437 bellis
990 2391 1112 2456 semper

56 2476 213 2538 exercitus
253 2475 286 2537 iu
318 2475 493 2556 languidam
527 2473 690 2556 segnitiem
724 2476 890 2535 securitate
922 2481 1016 2553 atque
1048 2475 1112 2536 ctio

54 2577 239 2652 solveretur,
257 2574 443 2636 incolumem
459 2574 674 2658 Carthaginem
689 2573 780 2636 statui
799 2589 855 2636 suc
878 2573 1111 2652 permittendam

56 2695 125 2740 esse
150 2681 330 2738 censerent:
361 2691 484 2738 causam
511 2693 573 2737 non
596 2692 636 2737 ex
657 2674 770 2756 injuria
792 2673 1008 2736 lacessentium
1032 2671 1111 2736 Car-

54 2776 296 2860 thaginiensium
323 2774 377 2838 scd
404 2793 445 2837 ex
464 2777 670 2838 inconstantia
692 2775 931 2856 torpescentium
953 2773 1111 2836 Romano-

55 2897 123 2940 rum
158 2885 253 2940 crtam
286 2876 421 2940 invenio.
466 2878 555 2951 Quod
588 2895 657 2939 cum
690 2875 732 2937 ila
765 2875 820 2952 sil,
854 2892 909 2936 cur
931 2873 1112 2938 Christianis

56 2978 246 3060 temporibus
264 2978 414 3058 imputant
427 2977 654 3040 hebetationem
677 2994 714 3040 ac
734 2976 910 3058 rubiginem
931 2993 1028 3055 suam,
1052 2995 1113 3056 qua

57 3078 133 3142 loris
162 3080 258 3142 crassi
284 3080 369 3141 intus
394 3080 483 3142 exesi
508 3078 601 3140 sunt‘l
635 3078 690 3158 qui
721 3094 812 3156 porro
845 3083 916 3138 ante
947 3084 1113 3142 sescentos

58 3179 127 3244 lere
150 3196 264 3257 annos,
285 3181 366 3242 sicut
393 3181 442 3242 sui
470 3179 637 3259 prudentes
665 3178 870 3255 timentesque
897 3193 991 3255 prae·
1022 3172 1112 3251 [283]

59 3282 217 3359 dixerant,
245 3287 344 3345 cotem
372 3279 454 3342 illam
482 3296 620 3361 magnam
648 3275 820 3358 splendoris
842 3282 874 3336 et
894 3275 1043 3342 acuminis
1065 3277 1115 3343 sui

60 3382 275 3464 Carthaginem
309 3381 516 3462 perdiderunt
559 3379 667 3458 ltaque
699 3375 791 3440 inem
823 3374 973 3442 volumini
1004 3375 1114 3444 lacman

59 3500 99 3545 ne
135 3481 265 3547 forsitan
301 3480 476 3544 collidendo
508 3478 723 3542 vehementius
756 3477 892 3542 discussa
925 3477 962 3542 ad
996 3486 1115 3560 tempus

59 3583 220 3666 rubigine,
253 3583 308 3644 ubi
340 3583 548 3645 necessarium
580 3597 711 3643 acumen
744 3578 859 3644 elicere
892 3596 954 3640 non
981 3596 1114 3659 possum,

61 3700 284 3764 supervacuam
306 3685 501 3763 asperitatem
528 3681 699 3742 inveniam:
729 3699 912 3762 quamquam
940 3679 1114 3740 obviantem

62 3785 257 3864 asperitatem
287 3801 482 3865 nequaquam
511 3798 765 3865 expavescerem,
794 3782 824 3845 si
848 3778 1004 3845 interioris
1029 3793 1115 3858 spem

62 3885 214 3949 acuminis
235 3885 417 3950 invenirem.

453 4041 728 4068 w·
