2634 4434
704 321 750 389 72

624 419 833 430 ..-.-.---—--

199 560 380 622 imminente
394 559 532 639 periculo
547 557 721 620 servitutis:
745 554 924 636 Agesilaum
939 561 1052 631 aulem,
1076 571 1169 634 quem
1185 573 1253 618 cum
1291 619 1293 621 ,

199 661 339 724 exercitu
362 661 395 722 in
416 660 521 722 Asiam
543 662 699 735 miserant,
722 657 760 720 ad
782 655 951 718 subsidium
968 656 1083 736 patriae
1098 665 1254 719 revocant.

200 757 290 836 [149]
314 761 436 824 Interea
457 758 619 836 Pisander,
648 758 712 820 dux
738 757 817 837 apud
841 756 976 836 Spartam
999 775 1055 837 per
1076 756 1253 838 Agesilaum

197 879 304 943 regem
331 863 475 938 relictus,
506 861 666 922 maximam
697 858 993 938 munitissimamque
1023 865 1097 920 tune
1126 856 1254 918 classem

165 1034 172 1046 Ι
200 961 403 1038 instruxerat,
427 967 526 1022 motus
554 959 761 1022 aemulatione
789 960 912 1021 virtutis
940 958 1094 1040 Agesilai,
1124 965 1174 1035 ut,
1204 957 1254 1019 illo

198 1061 372 1142 pedestrem
395 1062 623 1142 expeditionem
646 1061 797 1143 agitante,
826 1061 892 1139 ipse
914 1077 1039 1139 quoque
1062 1058 1164 1120 navali
1187 1059 1253 1120 dis-

200 1180 294 1224 cursu
321 1181 404 1226 oram
434 1153 613 1224 maritimam
643 1168 871 1242 pervagaretur.
916 1159 1021 1221 Conon
1044 1176 1120 1220 vero
1141 1176 1254 1222 susce-

197 1269 281 1341 ptum
304 1267 462 1345 negotium
479 1263 594 1342 duplici
610 1279 683 1322 cura
706 1261 895 1338 intendebat,
918 1259 1035 1322 debens
1055 1260 1147 1321 sociis
1163 1259 1255 1322 solli-

199 1363 384 1442 citudinem,
412 1365 528 1444 patriae
550 1363 656 1424 fidem:
681 1367 715 1422 ut
736 1359 809 1422 huic
832 1361 993 1423 exhiberet
1015 1368 1172 1440 naturam,
1196 1361 1254 1422 illis

199 1464 361 1542 praeberet
393 1465 589 1526 industriam:
628 1463 660 1524 in
693 1461 752 1524 hoc
785 1462 966 1542 propensior
998 1461 1135 1539 civibus,
1173 1461 1255 1542 quod

200 1565 298 1642 quieti
331 1565 527 1646 libertatique
555 1582 661 1627 eorum
691 1563 785 1626 alieni
813 1563 972 1646 sanguinis
1000 1562 1165 1624 discrimen
1194 1563 1253 1623 im-

199 1665 350 1744 penderet
371 1673 403 1728 et
424 1674 576 1749 pugnaret
597 1667 746 1729 adversus
769 1665 1024 1726 insolentissimos
1047 1663 1151 1725 hostes
1167 1664 1253 1743 peri-

199 1764 270 1825 culo
292 1768 386 1846 regis,
408 1769 544 1846 praemio
566 1768 691 1847 patriae.
729 1765 901 1824 Conserunt
923 1765 1027 1842 itaque
1050 1763 1161 1823 navale
1182 1782 1253 1826 cer-

199 1870 301 1925 tamen
334 1867 444 1927 Persae
486 1866 612 1926 Conone
653 1863 793 1942 Spartani
824 1861 969 1924 Pisandro
1002 1863 1095 1924 duee:
1131 1864 1253 1940 milites,

199 1964 333 2044 remiges
360 1965 481 2044 ipsique
509 1965 669 2040 ductores,
698 1980 760 2024 uno
782 1963 896 2042 pariter
918 1963 949 2023 in
973 1969 1106 2027 mutuam
1129 1965 1253 2026 caedem

200 2063 310 2124 ardore
345 2066 513 2144 rapiuntur.
556 2063 799 2151 Magnitudinem
833 2071 925 2143 atque
958 2065 1148 2126 eaecitatem
1182 2064 1254 2126 belli

201 2160 292 2241 [1511]
315 2166 421 2242 istius,
450 2164 613 2227 inclinatus
636 2183 677 2227 ex
698 2164 762 2239 hcc,
778 2181 900 2244 semper
922 2165 954 2225 in
975 2170 1130 2244 posterum
1153 2164 1252 2226 Lace-

199 2263 432 2328 daemoniorum
461 2272 573 2343 status,
605 2265 715 2347 prodit.
759 2265 898 2346 Namque
931 2283 971 2326 ex
1003 2265 1055 2327 illc
1088 2264 1186 2328 fluere
1219 2285 1254 2327 ae

198 2371 283 2426 retro
305 2365 448 2448 sublapsa
474 2365 586 2430 referri
612 2385 683 2447 spes
713 2365 927 2447 Spartanorum
957 2366 1037 2442 visa,
1067 2365 1166 2427 donee
1194 2366 1251 2427 ad-

198 2465 355 2547 surgendo
382 2487 492 2551 aegre,
520 2487 557 2530 ae
585 2470 697 2530 misere
719 2467 904 2545 recidendo,
935 2465 1075 2529 conlecta
1102 2473 1133 2528 et
1160 2473 1251 2546 pote-

200 2573 278 2628 state
300 2576 431 2645 careret,
454 2577 486 2631 et
507 2570 641 2631 nomine.
685 2568 927 2631 Atheniensibus
949 2584 1025 2630 vero
1048 2566 1123 2628 baec
1146 2567 1252 2629 cadem

149 2739 160 2760 ι,
198 2681 303 2745 pugna
325 2668 446 2728 initium
467 2668 698 2747 recuperandae
721 2669 886 2748 potentiae,
909 2669 989 2730 sicut
1003 2668 1253 2732 Lacedaemoniis

199 2765 396 2850 amittendae,
418 2766 485 2830 fuit.
528 2767 620 2851 Primi
642 2768 737 2848 igitur
758 2768 910 2846 Thebani,
938 2769 1053 2830 auxilio
1076 2769 1253 2830 Athenien-

199 2865 279 2927 sium
303 2866 388 2946 lulti,
410 2869 570 2948 superiore
593 2869 680 2931 clade
702 2869 823 2932 saucios
846 2888 882 2931 ac
904 2869 1039 2948 trepidos
1061 2870 1254 2950 adgrediun-

201 2973 261 3043 tur,
284 2967 379 3028 multa
400 2969 526 3030 animati
540 2967 651 3031 liducia
667 2975 790 3048 propter
805 2972 949 3032 virtutem
966 2977 1059 3049 atque
1075 2971 1255 3032 industriam

200 3064 431 3144 Epaminondae
446 3067 534 3130 ducis
549 3069 608 3146 sui,
631 3088 701 3132 cum
723 3087 783 3149 quo
806 3071 866 3134 sibi
888 3070 979 3134 laeile
1001 3070 1142 3132 obtinere
1166 3089 1256 3150 posse

142 3185 145 3192 ·
201 3168 363 3248 imperium
393 3169 486 3231 totius
509 3166 657 3232 Graeciae
679 3170 869 3235 videbantur.
914 3171 960 3232 Pit
980 3173 1086 3251 itaque
1109 3177 1257 3234 terrestre

200 3268 365 3348 praelium,
392 3269 544 3333 Thebanis
571 3271 697 3334 minimo
720 3273 845 3354 negotio
869 3272 1072 3337 vincentibus.
1116 3272 1258 3334 Vincitur

102 3425 107 3434 ,
201 3369 292 3429 etiam
315 3369 375 3432 boc
396 3370 541 3432 condictu
558 3371 715 3454 Lysander
738 3381 769 3434 et
791 3373 948 3436 occiditur.
985 3373 1149 3435 Pausanias
1172 3391 1257 3454 quo-

202 3485 279 3546 que,
309 3468 373 3530 dux
399 3471 477 3533 alter
499 3472 825 3551 Lacedaemoniorum,
848 3473 1041 3536 insimulatus
1064 3473 1258 3554 proditionis,

201 3564 291 3644 [151]
315 3571 347 3632 in
370 3574 512 3635 exsilium
534 3574 675 3637 truditur.
719 3573 855 3636 Thebani
878 3582 979 3636 autem
1004 3576 1132 3638 victoria
1157 3577 1258 3655 potiti,

155 3750 159 3759 Ι
201 3670 330 3734 collecta
365 3676 503 3736 universi
539 3675 695 3737 exercitus
731 3690 838 3750 manu,
882 3673 1018 3754 Spartam
1056 3677 1257 3750 contendunt,

202 3778 344 3849 putantes
371 3791 407 3836 se
436 3793 564 3836 vacuam
596 3772 750 3853 praesidio
783 3774 938 3860 civitatem
972 3777 1056 3838 nullo
1091 3778 1257 3841 intraturos

199 3873 340 3951 negotio,
375 3875 464 3954 eujus
493 3875 556 3952 jam
590 3889 697 3934 omnes
730 3891 828 3952 paene
863 3877 966 3956 copias
994 3895 1064 3938 cum
1092 3877 1159 3958 ipso
1181 3895 1258 3956 rege

199 3969 372 4050 delessent,
407 3979 502 4051 atque
535 3971 573 4032 ab
606 3972 748 4034 omnibus
781 3976 873 4038 sociis
906 3977 1068 4040 destitutos
1106 3977 1256 4040 viderent.
