2634 4434
554 343 622 414 131

485 443 693 459 m

416 591 604 733 ioput
656 593 763 703 llll.

67 813 183 884 Gallos
203 810 415 898 Cisalpinos,
436 812 604 883 namma
624 833 734 884 novoe
754 811 966 900 instratosque
986 813 1115 894 testes,

105 934 243 984 caesos:
265 911 467 983 Sardiniam
487 916 706 983 rebellantem
727 917 917 1001 subactam,
936 913 1074 983 Poenos

125 1036 229 1102 nepre
248 1033 369 1102 paoem
384 1019 600 1101 impetrasse,
622 1015 846 1102 lantpertus
867 1037 937 1085 nno
959 1036 1052 1085 cano

444 1113 557 1202 firtaae
578 1121 728 1186 etonem.

143 1288 261 1352 Eodem
283 1305 365 1351 enno
387 1287 466 1352 Galli
486 1288 632 1369 Cisalpini
653 1289 726 1352 novi
748 1287 896 1352 exstitere
918 1287 1032 1367 hostes,
1055 1287 1115 1350 od,-

62 1407 184 1453 rersum
207 1407 286 1470 quos
306 1392 392 1453 varia
413 1397 497 1453 sorte
519 1390 666 1453 bellatum
689 1397 750 1478 est:
775 1407 844 1452 nam
866 1390 899 1452 in
919 1391 1018 1471 primo
1033 1405 1114 1451 oon-

60 1489 146 1552 llictu
172 1490 288 1551 Valerii
317 1489 453 1552 consulis
480 1491 539 1552 trio
564 1491 659 1553 millio
688 1492 849 1572 quingenti
877 1491 1019 1554 cecidere
1047 1489 1114 1552 llo·

60 1589 163 1667 mani,
186 1589 324 1650 secundo
350 1589 582 1668 quatuordeeim
609 1590 704 1652 millia
733 1589 888 1652 Gallorum
916 1608 1021 1667 caesa,
1053 1590 1115 1652 duo

60 1689 155 1752 millia
178 1695 267 1769 cepta
294 1696 381 1766 sunt,
408 1689 464 1751 scd
486 1688 525 1750 ob
546 1689 679 1768 priorem
702 1689 819 1750 cladem
832 1689 1012 1768 triumphus
1034 1705 1115 1752 con-

61 1790 118 1852 suli
141 1790 315 1870 denegatus
336 1797 393 1852 est.
436 1789 469 1851 Τ.
498 1787 612 1851 Manlio
637 1789 812 1869 Torquato,·
837 1787 869 1850 G.
897 1787 992 1851 Atilio
1018 1787 1117 1852 Bulbo

61 1889 241 1952 consulibus
277 1889 421 1953 Sardinia
454 1888 554 1952 insula
585 1888 749 1951 rebellavit
781 1889 957 1952 auctoribus
994 1889 1136 1968 Poenis,·

61 1991 144 2054 unde
172 2007 244 2052 mox
266 1989 354 2054 Sardi
380 1989 500 2052 subacti
527 1997 559 2051 et
585 1990 723 2070 oppressi
751 1996 830 2052 sunt.
876 1989 1115 2072 Carthaginien-

61 2091 145 2154 sibus
168 2097 270 2152 autem
293 2089 494 2152 violatoribus
514 2090 609 2170 pacis,
631 2108 723 2170 quam
742 2091 800 2171 ipsi
814 2091 1037 2171 poposcissem,
1059 2093 1114 2154 iu-

61 2189 135 2255 ierri
157 2191 273 2253 bellum
295 2190 453 2252 decretum
476 2197 533 2254 est.
577 2190 689 2252 centra
713 2191 981 2272 Carthaginienses
1010 2209 1115 2272 pacem

61 2291 240 2373 suppliciter
271 2297 493 2373 poposcerunt:
526 2298 558 2353 et
590 2309 660 2352 cum
694 2293 743 2354 bis
772 2291 873 2352 missis
902 2291 1011 2373 legatis
1039 2292 1116 2355 nihil

60 2391 275 2473 proiecissent,
296 2399 365 2473 post
386 2394 478 2454 etiem
501 2391 609 2454 docem
632 2392 822 2472 principibus
845 2392 891 2453 bis
913 2411 1013 2472 aeque
1035 2411 1114 2473 sup-

60 2493 246 2574 plicantibus
282 2511 342 2556 neo
376 2494 592 2577 impetrarent,
624 2493 793 2552 novissime
825 2493 966 2552 Annonis
998 2493 1116 2556 minimi

59 2593 193 2656 hominis
215 2595 298 2656 inter
317 2593 437 2676 legatos
458 2593 601 2654 oratione
621 2598 810 2654 meruerunt.
847 2589 912 2652 lion
926 2608 1008 2654 anno
1029 2588 1115 2676 [tto]

60 2701 147 2774 porte
169 2693 237 2756 lani
260 2694 381 2757 Gemini
403 2693 507 2756 clame
528 2700 593 2772 est,
623 2694 695 2774 quie
724 2711 874 2774 nusquam
902 2693 1012 2757 eodem
1034 2711 1115 2756 enno

60 2793 176 2857 bellum
197 2802 280 2875 erat,
306 2795 390 2876 quod
411 2793 469 2857 sub
491 2793 589 2856 lluma
605 2794 709 2857 solum
731 2793 878 2874 Pompilio
899 2811 976 2875 rege
990 2813 1114 2874 proue-

60 2903 156 2958 nerat.
185 2895 264 2959 ilinc
278 2895 402 2958 murum
416 2895 505 2958 nobis
520 2896 683 2959 tacendum
706 2901 763 2974 est,
786 2901 818 2968 ejt
833 2901 982 2974 tempora,
1003 2895 1117 2974 quihus

60 2995 196 3059 conferri
218 3005 321 3061 nemra
343 2997 431 3059 nullo
451 2996 541 3059 modo
563 3005 701 3078 possunt,
722 2996 847 3060 silentio
869 2997 1033 3059 transmitti
1052 3015 1114 3060 ex-

59 3097 159 3176 pedit3
189 3115 230 3160 ne
258 3090 481 3160 obtrectatores
503 3098 623 3159 dierum
643 3099 727 3159 vitoe
750 3114 825 3159 suae
847 3097 886 3159 ed
907 3097 1115 3160 insultandum
1167 3141 1170 3146 -

59 3199 161 3274 potius
183 3198 243 3260 sibi
264 3198 324 3261 hoc
345 3198 475 3278 strepitu
496 3197 690 3260 suscitemus.
722 3195 803 3258 Ecce
818 3203 924 3277 portae
938 3195 1008 3259 lani
1024 3198 1114 3260 elau-

59 3314 113 3360 sae
145 3297 287 3377 luerunt,
319 3298 396 3361 ioris
426 3297 542 3361 bellum
570 3297 776 3360 Romanorum
803 3313 865 3358 uon
893 3294 967 3375 init,
993 3313 1114 3363 omnem

58 3399 199 3461 subolem
227 3418 314 3462 suem
342 3401 374 3462 in
401 3400 520 3482 grenio
542 3415 600 3461 suo
621 3397 893 3478 conquiescentem
916 3395 1011 3461 Roma
1033 3417 1113 3462 oon-

60 3500 162 3562 tinens
184 3517 247 3562 nen
269 3501 439 3582 suspiravit.
484 3498 523 3560 llt
543 3498 603 3560 hoo
629 3495 772 3580 quendoi
798 3506 867 3579 post
888 3501 1018 3581 prlmum
1042 3501 1113 3564 bel-

58 3598 121 3662 lum
151 3601 315 3665 Punicum:
346 3607 415 3682 post
443 3607 590 3681 quonium
617 3597 784 3680 temporis‘l
810 3609 879 3682 post
905 3619 1003 3664 annos
1031 3620 1112 3681 qua-

60 3699 240 3784 dringentos
263 3709 295 3763 et
316 3701 529 3784 quadraginta:
557 3701 726 3782 quamdiu?
759 3719 840 3768 enno
868 3719 946 3764 uno:
981 3707 1012 3764 ot
1041 3701 1115 3779 quid

60 3800 157 3863 altero
180 3802 379 3865 subsecutum
399 3803 472 3875 est?
495 3810 530 3864 ut
551 3802 717 3865 decoloris
733 3811 860 3881 taceam,
883 3799 997 3864 bellum
1014 3799 1113 3862 Galli·
1144 3853 1148 3864 ,

60 3918 129 3963 cum
153 3910 185 3965 et
200 3901 334 3964 Annibal
356 3919 424 3963 cum
447 3902 530 3965 bello
545 3903 660 3965 Punico
682 3902 828 3966 seeundo.
861 3901 918 3962 Hei
942 3899 1032 3965 mihil
1054 3917 1112 3962 co-

59 4003 206 4081 gnovisse
228 4003 304 4066 haec
327 4010 358 4064 et
385 4002 557 4066 denudasse
586 4021 677 4083 quam
706 4003 797 4066 etiam
826 4017 874 4062 me
901 3999 1009 4079 pudeti
1054 4002 1115 4062 Pax
