<?xml version="1.0" encoding="UTF-8"?>
<!DOCTYPE html PUBLIC "-//W3C//DTD XHTML 1.0 Transitional//EN"
    "http://www.w3.org/TR/xhtml1/DTD/xhtml1-transitional.dtd">
<html xmlns="http://www.w3.org/1999/xhtml" xml:lang="en" lang="en">
 <head>
  <title>
</title>
<meta http-equiv="Content-Type" content="text/html;charset=utf-8" />
  <meta name='ocr-system' content='tesseract 3.04.00' />
  <meta name='ocr-capabilities' content='ocr_page ocr_carea ocr_par ocr_line ocrx_word'/>
</head>
<body>
  <div class='ocr_page' id='page_1' title='image "./pauliorosiipres00havegoog_0091.png"; bbox 0 0 2634 4434; ppageno 0'>
   <div class='ocr_carea' id='block_1_1' title="bbox 708 325 757 397">
    <p class='ocr_par' dir='ltr' id='par_1_1' title="bbox 708 325 757 397">
     <span class='ocr_line' id='line_1_1' title="bbox 708 325 757 397; baseline -0.041 0"><span class='ocrx_word' id='word_1_1' title='bbox 708 325 757 397; x_wconf 78' lang='lat'><strong>84</strong></span> 
     </span>
    </p>
   </div>
   <div class='ocr_carea' id='block_1_2' title="bbox 206 558 1312 3146">
    <p class='ocr_par' dir='ltr' id='par_1_2' title="bbox 206 558 1312 3146">
     <span class='ocr_line' id='line_1_2' title="bbox 207 558 1259 646; baseline -0.007 -18"><span class='ocrx_word' id='word_1_2' title='bbox 207 565 332 629; x_wconf 89' lang='lat' dir='ltr'><strong>domuit.</strong></span> <span class='ocrx_word' id='word_1_3' title='bbox 376 563 496 646; x_wconf 82' lang='lat' dir='ltr'>Quippe</span> <span class='ocrx_word' id='word_1_4' title='bbox 518 561 665 626; x_wconf 80' lang='lat' dir='ltr'><strong>Graeciae</strong></span> <span class='ocrx_word' id='word_1_5' title='bbox 687 563 844 639; x_wconf 87' lang='lat' dir='ltr'><strong>civitates,</strong></span> <span class='ocrx_word' id='word_1_6' title='bbox 872 558 944 624; x_wconf 88' lang='lat' dir='ltr'><strong>dum</strong></span> <span class='ocrx_word' id='word_1_7' title='bbox 972 559 1124 639; x_wconf 91' lang='lat' dir='ltr'><strong>imperare</strong></span> <span class='ocrx_word' id='word_1_8' title='bbox 1144 558 1259 642; x_wconf 77' lang='lat' dir='ltr'><strong>singu-</strong></span> 
     </span>
     <span class='ocr_line' id='line_1_3' title="bbox 207 659 1259 746; baseline -0.006 -19"><span class='ocrx_word' id='word_1_9' title='bbox 207 663 256 728; x_wconf 90' lang='lat' dir='ltr'><strong>lae</strong></span> <span class='ocrx_word' id='word_1_10' title='bbox 288 665 431 746; x_wconf 89' lang='lat' dir='ltr'><strong>cupiunt,</strong></span> <span class='ocrx_word' id='word_1_11' title='bbox 468 664 629 743; x_wconf 92' lang='lat' dir='ltr'><strong>imperium</strong></span> <span class='ocrx_word' id='word_1_12' title='bbox 663 679 769 726; x_wconf 88' lang='lat' dir='ltr'><strong>omnes</strong></span> <span class='ocrx_word' id='word_1_13' title='bbox 805 659 1019 742; x_wconf 88' lang='lat' dir='ltr'><strong>perdiderunt:</strong></span> <span class='ocrx_word' id='word_1_14' title='bbox 1058 665 1089 720; x_wconf 85' lang='lat' dir='ltr'><strong>et</strong></span> <span class='ocrx_word' id='word_1_15' title='bbox 1122 659 1194 722; x_wconf 87' lang='lat' dir='ltr'><strong>darn</strong></span> <span class='ocrx_word' id='word_1_16' title='bbox 1228 662 1259 722; x_wconf 94' lang='lat' dir='ltr'><strong>in</strong></span> 
     </span>
     <span class='ocr_line' id='line_1_4' title="bbox 206 759 1258 842; baseline -0.005 -16"><span class='ocrx_word' id='word_1_17' title='bbox 206 771 345 827; x_wconf 87' lang='lat' dir='ltr'><strong>mutuum</strong></span> <span class='ocrx_word' id='word_1_18' title='bbox 368 765 496 828; x_wconf 85' lang='lat' dir='ltr'><strong>exitium</strong></span> <span class='ocrx_word' id='word_1_19' title='bbox 518 765 586 826; x_wconf 91' lang='lat' dir='ltr'><strong>sine</strong></span> <span class='ocrx_word' id='word_1_20' title='bbox 608 764 699 825; x_wconf 91' lang='lat' dir='ltr'><strong>modo</strong></span> <span class='ocrx_word' id='word_1_21' title='bbox 720 767 830 839; x_wconf 88' lang='lat' dir='ltr'><strong>ruunt,</strong></span> <span class='ocrx_word' id='word_1_22' title='bbox 861 759 1003 822; x_wconf 92' lang='lat' dir='ltr'><strong>omnibus</strong></span> <span class='ocrx_word' id='word_1_23' title='bbox 1031 760 1148 840; x_wconf 90' lang='lat' dir='ltr'><strong>perire,</strong></span> <span class='ocrx_word' id='word_1_24' title='bbox 1177 761 1258 842; x_wconf 88' lang='lat' dir='ltr'><strong>quod</strong></span> 
     </span>
     <span class='ocr_line' id='line_1_5' title="bbox 206 861 1258 946; baseline -0.006 -20"><span class='ocrx_word' id='word_1_25' title='bbox 206 864 348 946; x_wconf 81' lang='lat' dir='ltr'><strong>singulae</strong></span> <span class='ocrx_word' id='word_1_26' title='bbox 369 866 560 940; x_wconf 89' lang='lat' dir='ltr'><strong>amitterent,</strong></span> <span class='ocrx_word' id='word_1_27' title='bbox 587 881 752 945; x_wconf 82' lang='lat' dir='ltr'><strong>oppressae</strong></span> <span class='ocrx_word' id='word_1_28' title='bbox 780 861 901 924; x_wconf 92' lang='lat' dir='ltr'><strong>demum</strong></span> <span class='ocrx_word' id='word_1_29' title='bbox 924 861 1159 941; x_wconf 73' lang='lat' dir='ltr'><strong>servientesque</strong></span> <span class='ocrx_word' id='word_1_30' title='bbox 1181 878 1258 922; x_wconf 91' lang='lat' dir='ltr'><strong>sen-</strong></span> 
     </span>
     <span class='ocr_line' id='line_1_6' title="bbox 206 959 1260 1045; baseline -0.007 -18"><span class='ocrx_word' id='word_1_31' title='bbox 206 971 329 1027; x_wconf 88' lang='lat' dir='ltr'><strong>serunt:</strong></span> <span class='ocrx_word' id='word_1_32' title='bbox 352 981 481 1045; x_wconf 90' lang='lat' dir='ltr'><strong>quarum</strong></span> <span class='ocrx_word' id='word_1_33' title='bbox 497 963 569 1024; x_wconf 89' lang='lat' dir='ltr'><strong>dum</strong></span> <span class='ocrx_word' id='word_1_34' title='bbox 584 964 707 1026; x_wconf 90' lang='lat' dir='ltr'><strong>insanas</strong></span> <span class='ocrx_word' id='word_1_35' title='bbox 728 962 973 1025; x_wconf 73' lang='lat' dir='ltr'><strong>concertationes</strong></span> <span class='ocrx_word' id='word_1_36' title='bbox 988 959 1142 1041; x_wconf 88' lang='lat' dir='ltr'><strong>Philippus</strong></span> <span class='ocrx_word' id='word_1_37' title='bbox 1162 959 1260 1022; x_wconf 90' lang='lat' dir='ltr'><strong>veluti</strong></span> 
     </span>
     <span class='ocr_line' id='line_1_7' title="bbox 207 1058 1259 1144; baseline -0.006 -16"><span class='ocrx_word' id='word_1_38' title='bbox 207 1083 227 1128; x_wconf 88' lang='lat' dir='ltr'><strong>e</strong></span> <span class='ocrx_word' id='word_1_39' title='bbox 248 1064 373 1144; x_wconf 90' lang='lat' dir='ltr'><strong>specula</strong></span> <span class='ocrx_word' id='word_1_40' title='bbox 395 1065 554 1142; x_wconf 89' lang='lat' dir='ltr'><strong>observat,</strong></span> <span class='ocrx_word' id='word_1_41' title='bbox 581 1064 793 1144; x_wconf 87' lang='lat' dir='ltr'><strong>auxiliumque</strong></span> <span class='ocrx_word' id='word_1_42' title='bbox 814 1078 937 1140; x_wconf 86' lang='lat' dir='ltr'><strong>semper</strong></span> <span class='ocrx_word' id='word_1_43' title='bbox 958 1058 1156 1122; x_wconf 82' lang='lat' dir='ltr'><strong>inferioribus</strong></span> <span class='ocrx_word' id='word_1_44' title='bbox 1178 1074 1259 1142; x_wconf 83' lang='lat' dir='ltr'><strong>sug-</strong></span> 
     </span>
     <span class='ocr_line' id='line_1_8' title="bbox 209 1158 1260 1247; baseline -0.008 -19"><span class='ocrx_word' id='word_1_45' title='bbox 209 1161 299 1241; x_wconf 76' lang='lat' dir='ltr'><strong>[lta]</strong></span> <span class='ocrx_word' id='word_1_46' title='bbox 322 1165 460 1247; x_wconf 84' lang='lat' dir='ltr'><strong>gerendo</strong></span> <span class='ocrx_word' id='word_1_47' title='bbox 481 1166 707 1242; x_wconf 85' lang='lat' dir='ltr'><strong>contentiones,</strong></span> <span class='ocrx_word' id='word_1_48' title='bbox 727 1163 878 1225; x_wconf 90' lang='lat' dir='ltr'><strong>bellorum</strong></span> <span class='ocrx_word' id='word_1_49' title='bbox 899 1158 1034 1237; x_wconf 76' lang='lat' dir='ltr'><strong>fomites,</strong></span> <span class='ocrx_word' id='word_1_50' title='bbox 1054 1160 1183 1223; x_wconf 83' lang='lat' dir='ltr'><strong>callidus</strong></span> <span class='ocrx_word' id='word_1_51' title='bbox 1197 1159 1260 1222; x_wconf 91' lang='lat' dir='ltr'><strong>doli</strong></span> 
     </span>
     <span class='ocr_line' id='line_1_9' title="bbox 207 1259 1260 1345; baseline -0.008 -17"><span class='ocrx_word' id='word_1_52' title='bbox 207 1265 320 1328; x_wconf 84' lang='lat' dir='ltr'><strong>artilex</strong></span> <span class='ocrx_word' id='word_1_53' title='bbox 333 1263 429 1342; x_wconf 87' lang='lat' dir='ltr'><strong>iavet,</strong></span> <span class='ocrx_word' id='word_1_54' title='bbox 450 1265 550 1326; x_wconf 87' lang='lat' dir='ltr'><strong>victos</strong></span> <span class='ocrx_word' id='word_1_55' title='bbox 571 1264 631 1326; x_wconf 91' lang='lat' dir='ltr'><strong>sibi</strong></span> <span class='ocrx_word' id='word_1_56' title='bbox 652 1266 766 1345; x_wconf 89' lang='lat' dir='ltr'><strong>pariter</strong></span> <span class='ocrx_word' id='word_1_57' title='bbox 786 1264 983 1340; x_wconf 89' lang='lat' dir='ltr'><strong>victoresque</strong></span> <span class='ocrx_word' id='word_1_58' title='bbox 1006 1261 1144 1340; x_wconf 83' lang='lat' dir='ltr'><strong>subjecit.</strong></span> <span class='ocrx_word' id='word_1_59' title='bbox 1182 1259 1260 1322; x_wconf 86' lang='lat' dir='ltr'><strong>Huic</strong></span> 
     </span>
     <span class='ocr_line' id='line_1_10' title="bbox 207 1361 1258 1438; baseline -0.007 -10"><span class='ocrx_word' id='word_1_60' title='bbox 207 1373 310 1428; x_wconf 87' lang='lat' dir='ltr'><strong>autem</strong></span> <span class='ocrx_word' id='word_1_61' title='bbox 333 1365 372 1427; x_wconf 92' lang='lat' dir='ltr'><strong>ad</strong></span> <span class='ocrx_word' id='word_1_62' title='bbox 394 1364 592 1428; x_wconf 89' lang='lat' dir='ltr'><strong>obtinendam</strong></span> <span class='ocrx_word' id='word_1_63' title='bbox 614 1366 708 1426; x_wconf 90' lang='lat' dir='ltr'><strong>totius</strong></span> <span class='ocrx_word' id='word_1_64' title='bbox 736 1361 882 1425; x_wconf 85' lang='lat' dir='ltr'><strong>Graeciae</strong></span> <span class='ocrx_word' id='word_1_65' title='bbox 910 1361 1166 1438; x_wconf 84' lang='lat' dir='ltr'><strong>dominationem,</strong></span> <span class='ocrx_word' id='word_1_66' title='bbox 1196 1361 1258 1422; x_wconf 85' lang='lat' dir='ltr'><strong>im-</strong></span> 
     </span>
     <span class='ocr_line' id='line_1_11' title="bbox 208 1461 1260 1540; baseline -0.006 -13"><span class='ocrx_word' id='word_1_67' title='bbox 208 1465 364 1527; x_wconf 88' lang='lat' dir='ltr'><strong>moderata</strong></span> <span class='ocrx_word' id='word_1_68' title='bbox 399 1465 613 1526; x_wconf 91' lang='lat' dir='ltr'><strong>Thebanorum</strong></span> <span class='ocrx_word' id='word_1_69' title='bbox 650 1464 816 1527; x_wconf 90' lang='lat' dir='ltr'><strong>dominatio</strong></span> <span class='ocrx_word' id='word_1_70' title='bbox 853 1461 1027 1536; x_wconf 80' lang='lat' dir='ltr'><strong>facultatem</strong></span> <span class='ocrx_word' id='word_1_71' title='bbox 1065 1461 1164 1539; x_wconf 90' lang='lat' dir='ltr'><strong>dedit,</strong></span> <span class='ocrx_word' id='word_1_72' title='bbox 1207 1461 1260 1540; x_wconf 90' lang='lat' dir='ltr'><strong>qui</strong></span> 
     </span>
     <span class='ocr_line' id='line_1_12' title="bbox 208 1561 1258 1641; baseline -0.003 -14"><span class='ocrx_word' id='word_1_73' title='bbox 208 1566 308 1627; x_wconf 89' lang='lat' dir='ltr'><strong>victos</strong></span> <span class='ocrx_word' id='word_1_74' title='bbox 328 1564 588 1627; x_wconf 86' lang='lat' dir='ltr'><strong>Lacedaemonios</strong></span> <span class='ocrx_word' id='word_1_75' title='bbox 610 1584 646 1628; x_wconf 91' lang='lat' dir='ltr'><strong>ac</strong></span> <span class='ocrx_word' id='word_1_76' title='bbox 668 1565 857 1640; x_wconf 89' lang='lat' dir='ltr'><strong>Phocenses,</strong></span> <span class='ocrx_word' id='word_1_77' title='bbox 885 1561 1031 1624; x_wconf 88' lang='lat' dir='ltr'><strong>caedibus</strong></span> <span class='ocrx_word' id='word_1_78' title='bbox 1059 1563 1149 1624; x_wconf 83' lang='lat' dir='ltr'><strong>etiem</strong></span> <span class='ocrx_word' id='word_1_79' title='bbox 1173 1562 1258 1641; x_wconf 83' lang='lat' dir='ltr'><strong>rapi·</strong></span> 
     </span>
     <span class='ocr_line' id='line_1_13' title="bbox 208 1660 1312 1768; baseline -0.005 -41"><span class='ocrx_word' id='word_1_80' title='bbox 208 1666 320 1746; x_wconf 89' lang='lat' dir='ltr'><strong>nisque</strong></span> <span class='ocrx_word' id='word_1_81' title='bbox 341 1663 516 1744; x_wconf 86' lang='lat' dir='ltr'><strong>conlectos,</strong></span> <span class='ocrx_word' id='word_1_82' title='bbox 539 1683 608 1728; x_wconf 91' lang='lat' dir='ltr'><strong>oum</strong></span> <span class='ocrx_word' id='word_1_83' title='bbox 631 1667 757 1746; x_wconf 89' lang='lat' dir='ltr'><strong>insuper</strong></span> <span class='ocrx_word' id='word_1_84' title='bbox 778 1664 811 1725; x_wconf 91' lang='lat' dir='ltr'><strong>in</strong></span> <span class='ocrx_word' id='word_1_85' title='bbox 833 1663 987 1726; x_wconf 89' lang='lat' dir='ltr'><strong>communi</strong></span> <span class='ocrx_word' id='word_1_86' title='bbox 1009 1660 1157 1724; x_wconf 87' lang='lat' dir='ltr'><strong>Graeciae</strong></span> <span class='ocrx_word' id='word_1_87' title='bbox 1180 1678 1257 1723; x_wconf 89' lang='lat' dir='ltr'><strong>con·</strong></span> <span class='ocrx_word' id='word_1_88' title='bbox 1308 1682 1312 1768; x_wconf 63' lang='lat' dir='ltr'><strong>q</strong></span> 
     </span>
     <span class='ocr_line' id='line_1_14' title="bbox 208 1761 1256 1846; baseline -0.008 -16"><span class='ocrx_word' id='word_1_89' title='bbox 208 1766 281 1830; x_wconf 86' lang='lat' dir='ltr'><strong>cilio</strong></span> <span class='ocrx_word' id='word_1_90' title='bbox 302 1773 385 1828; x_wconf 88' lang='lat' dir='ltr'><strong>tanta</strong></span> <span class='ocrx_word' id='word_1_91' title='bbox 408 1769 558 1846; x_wconf 90' lang='lat' dir='ltr'><strong>pecuniae</strong></span> <span class='ocrx_word' id='word_1_92' title='bbox 580 1766 675 1828; x_wconf 91' lang='lat' dir='ltr'><strong>multa</strong></span> <span class='ocrx_word' id='word_1_93' title='bbox 697 1765 925 1838; x_wconf 90' lang='lat' dir='ltr'><strong>oneravissent,</strong></span> <span class='ocrx_word' id='word_1_94' title='bbox 954 1768 1096 1841; x_wconf 91' lang='lat' dir='ltr'><strong>quantam</strong></span> <span class='ocrx_word' id='word_1_95' title='bbox 1124 1761 1172 1822; x_wconf 92' lang='lat' dir='ltr'><strong>illi</strong></span> <span class='ocrx_word' id='word_1_96' title='bbox 1192 1762 1256 1824; x_wconf 93' lang='lat' dir='ltr'><strong>sol-</strong></span> 
     </span>
     <span class='ocr_line' id='line_1_15' title="bbox 208 1859 1258 1945; baseline -0.006 -17"><span class='ocrx_word' id='word_1_97' title='bbox 208 1883 285 1928; x_wconf 88' lang='lat' dir='ltr'><strong>vere</strong></span> <span class='ocrx_word' id='word_1_98' title='bbox 307 1865 392 1926; x_wconf 91' lang='lat' dir='ltr'><strong>nullo</strong></span> <span class='ocrx_word' id='word_1_99' title='bbox 420 1865 511 1926; x_wconf 91' lang='lat' dir='ltr'><strong>modo</strong></span> <span class='ocrx_word' id='word_1_100' title='bbox 537 1872 677 1945; x_wconf 90' lang='lat' dir='ltr'><strong>possent,</strong></span> <span class='ocrx_word' id='word_1_101' title='bbox 706 1864 745 1925; x_wconf 88' lang='lat' dir='ltr'><strong>ad</strong></span> <span class='ocrx_word' id='word_1_102' title='bbox 771 1881 855 1924; x_wconf 89' lang='lat' dir='ltr'><strong>arma</strong></span> <span class='ocrx_word' id='word_1_103' title='bbox 882 1859 1052 1942; x_wconf 79' lang='lat' dir='ltr'><strong>confugere</strong></span> <span class='ocrx_word' id='word_1_104' title='bbox 1081 1868 1258 1942; x_wconf 82' lang='lat' dir='ltr'><strong>coegerunt.</strong></span> 
     </span>
     <span class='ocr_line' id='line_1_16' title="bbox 208 1959 1257 2044; baseline -0.002 -18"><span class='ocrx_word' id='word_1_105' title='bbox 208 1964 316 2044; x_wconf 90' lang='lat' dir='ltr'><strong>ltaque</strong></span> <span class='ocrx_word' id='word_1_106' title='bbox 337 1964 526 2041; x_wconf 85' lang='lat' dir='ltr'><strong>Phocenses,</strong></span> <span class='ocrx_word' id='word_1_107' title='bbox 554 1964 719 2026; x_wconf 87' lang='lat' dir='ltr'><strong>Philomela</strong></span> <span class='ocrx_word' id='word_1_108' title='bbox 749 1963 828 2024; x_wconf 88' lang='lat' dir='ltr'><strong>duce</strong></span> <span class='ocrx_word' id='word_1_109' title='bbox 850 1968 882 2024; x_wconf 88' lang='lat' dir='ltr'><strong>et</strong></span> <span class='ocrx_word' id='word_1_110' title='bbox 903 1961 1026 2023; x_wconf 86' lang='lat' dir='ltr'><strong>auxiliis</strong></span> <span class='ocrx_word' id='word_1_111' title='bbox 1048 1959 1257 2024; x_wconf 89' lang='lat' dir='ltr'><strong>Lacedaemo-</strong></span> 
     </span>
     <span class='ocr_line' id='line_1_17' title="bbox 209 2060 1257 2144; baseline -0.001 -19"><span class='ocrx_word' id='word_1_112' title='bbox 209 2065 329 2126; x_wconf 88' lang='lat' dir='ltr'><strong>niorum</strong></span> <span class='ocrx_word' id='word_1_113' title='bbox 352 2064 651 2144; x_wconf 82' lang='lat' dir='ltr'><strong>Atheniensiumque</strong></span> <span class='ocrx_word' id='word_1_114' title='bbox 674 2063 753 2140; x_wconf 89' lang='lat' dir='ltr'><strong>lulti,</strong></span> <span class='ocrx_word' id='word_1_115' title='bbox 776 2062 936 2124; x_wconf 91' lang='lat' dir='ltr'><strong>commissa</strong></span> <span class='ocrx_word' id='word_1_116' title='bbox 958 2078 1071 2142; x_wconf 82' lang='lat' dir='ltr'><strong>pugna,</strong></span> <span class='ocrx_word' id='word_1_117' title='bbox 1098 2060 1257 2124; x_wconf 88' lang='lat' dir='ltr'><strong>hostibus-</strong></span> 
     </span>
     <span class='ocr_line' id='line_1_18' title="bbox 208 2159 1259 2247; baseline -0.003 -20"><span class='ocrx_word' id='word_1_118' title='bbox 208 2182 272 2245; x_wconf 91' lang='lat' dir='ltr'><strong>que</strong></span> <span class='ocrx_word' id='word_1_119' title='bbox 286 2162 410 2247; x_wconf 73' lang='lat' dir='ltr'><strong>fugatis,</strong></span> <span class='ocrx_word' id='word_1_120' title='bbox 427 2164 639 2226; x_wconf 92' lang='lat' dir='ltr'><strong>Thebanorum</strong></span> <span class='ocrx_word' id='word_1_121' title='bbox 655 2160 762 2240; x_wconf 63' lang='lat' dir='ltr'><strong>castra}</strong></span> <span class='ocrx_word' id='word_1_122' title='bbox 773 2167 929 2241; x_wconf 89' lang='lat' dir='ltr'><strong>ceperunt.</strong></span> <span class='ocrx_word' id='word_1_123' title='bbox 974 2159 1124 2242; x_wconf 83' lang='lat' dir='ltr'><strong>Sequenti</strong></span> <span class='ocrx_word' id='word_1_124' title='bbox 1144 2162 1259 2242; x_wconf 90' lang='lat' dir='ltr'><strong>praelio</strong></span> 
     </span>
     <span class='ocr_line' id='line_1_19' title="bbox 208 2261 1259 2345; baseline -0.004 -19"><span class='ocrx_word' id='word_1_125' title='bbox 208 2265 290 2326; x_wconf 87' lang='lat' dir='ltr'><strong>inter</strong></span> <span class='ocrx_word' id='word_1_126' title='bbox 311 2266 475 2328; x_wconf 89' lang='lat' dir='ltr'><strong>immensas</strong></span> <span class='ocrx_word' id='word_1_127' title='bbox 497 2266 660 2345; x_wconf 91' lang='lat' dir='ltr'><strong>utriusque</strong></span> <span class='ocrx_word' id='word_1_128' title='bbox 681 2261 785 2343; x_wconf 91' lang='lat' dir='ltr'><strong>populi</strong></span> <span class='ocrx_word' id='word_1_129' title='bbox 807 2267 925 2343; x_wconf 83' lang='lat' dir='ltr'><strong>strages</strong></span> <span class='ocrx_word' id='word_1_130' title='bbox 940 2261 1124 2323; x_wconf 91' lang='lat' dir='ltr'><strong>Philomelus</strong></span> <span class='ocrx_word' id='word_1_131' title='bbox 1139 2263 1259 2325; x_wconf 87' lang='lat' dir='ltr'><strong>occisus</strong></span> 
     </span>
     <span class='ocr_line' id='line_1_20' title="bbox 208 2361 1257 2447; baseline -0.002 -21"><span class='ocrx_word' id='word_1_132' title='bbox 208 2372 270 2426; x_wconf 90' lang='lat' dir='ltr'><strong>cst:</strong></span> <span class='ocrx_word' id='word_1_133' title='bbox 297 2367 330 2427; x_wconf 89' lang='lat' dir='ltr'><strong>in</strong></span> <span class='ocrx_word' id='word_1_134' title='bbox 358 2367 446 2447; x_wconf 90' lang='lat' dir='ltr'><strong>cujus</strong></span> <span class='ocrx_word' id='word_1_135' title='bbox 468 2367 569 2428; x_wconf 89' lang='lat' dir='ltr'><strong>locum</strong></span> <span class='ocrx_word' id='word_1_136' title='bbox 592 2364 764 2427; x_wconf 90' lang='lat' dir='ltr'><strong>Phocenses</strong></span> <span class='ocrx_word' id='word_1_137' title='bbox 787 2361 1010 2424; x_wconf 89' lang='lat' dir='ltr'><strong>Onomarcbum</strong></span> <span class='ocrx_word' id='word_1_138' title='bbox 1034 2361 1142 2424; x_wconf 91' lang='lat' dir='ltr'><strong>ducem</strong></span> <span class='ocrx_word' id='word_1_139' title='bbox 1167 2381 1257 2424; x_wconf 90' lang='lat' dir='ltr'><strong>erea-</strong></span> 
     </span>
     <span class='ocr_line' id='line_1_21' title="bbox 207 2462 1258 2540; baseline -0.002 -14"><span class='ocrx_word' id='word_1_140' title='bbox 207 2472 329 2530; x_wconf 86' lang='lat' dir='ltr'><strong>verunt.</strong></span> <span class='ocrx_word' id='word_1_141' title='bbox 371 2467 464 2529; x_wconf 91' lang='lat' dir='ltr'><strong>Porro</strong></span> <span class='ocrx_word' id='word_1_142' title='bbox 486 2473 588 2530; x_wconf 88' lang='lat' dir='ltr'><strong>autem</strong></span> <span class='ocrx_word' id='word_1_143' title='bbox 610 2463 747 2528; x_wconf 89' lang='lat' dir='ltr'><strong>Thebani</strong></span> <span class='ocrx_word' id='word_1_144' title='bbox 769 2469 801 2525; x_wconf 87' lang='lat' dir='ltr'><strong>et</strong></span> <span class='ocrx_word' id='word_1_145' title='bbox 821 2462 974 2540; x_wconf 86' lang='lat' dir='ltr'><strong>Thessali,</strong></span> <span class='ocrx_word' id='word_1_146' title='bbox 1002 2464 1114 2526; x_wconf 91' lang='lat' dir='ltr'><strong>omisso</strong></span> <span class='ocrx_word' id='word_1_147' title='bbox 1137 2463 1258 2525; x_wconf 92' lang='lat' dir='ltr'><strong>delectu</strong></span> 
     </span>
     <span class='ocr_line' id='line_1_22' title="bbox 208 2561 1258 2646; baseline -0.003 -19"><span class='ocrx_word' id='word_1_148' title='bbox 208 2566 334 2643; x_wconf 85' lang='lat' dir='ltr'><strong>civium,</strong></span> <span class='ocrx_word' id='word_1_149' title='bbox 357 2564 526 2646; x_wconf 92' lang='lat' dir='ltr'><strong>Philippum</strong></span> <span class='ocrx_word' id='word_1_150' title='bbox 549 2566 746 2628; x_wconf 82' lang='lat' dir='ltr'><strong>Macedoniae</strong></span> <span class='ocrx_word' id='word_1_151' title='bbox 767 2563 895 2644; x_wconf 87' lang='lat' dir='ltr'><strong>Regem,</strong></span> <span class='ocrx_word' id='word_1_152' title='bbox 922 2581 1013 2644; x_wconf 89' lang='lat' dir='ltr'><strong>quem</strong></span> <span class='ocrx_word' id='word_1_153' title='bbox 1035 2561 1154 2625; x_wconf 90' lang='lat' dir='ltr'><strong>hostem</strong></span> <span class='ocrx_word' id='word_1_154' title='bbox 1176 2565 1258 2643; x_wconf 87' lang='lat' dir='ltr'><strong>prius</strong></span> 
     </span>
     <span class='ocr_line' id='line_1_23' title="bbox 207 2661 1258 2744; baseline -0.002 -18"><span class='ocrx_word' id='word_1_155' title='bbox 207 2664 361 2744; x_wconf 90' lang='lat' dir='ltr'><strong>repellere</strong></span> <span class='ocrx_word' id='word_1_156' title='bbox 382 2662 571 2742; x_wconf 86' lang='lat' dir='ltr'><strong>laborabant,</strong></span> <span class='ocrx_word' id='word_1_157' title='bbox 593 2665 673 2726; x_wconf 90' lang='lat' dir='ltr'><strong>ultro</strong></span> <span class='ocrx_word' id='word_1_158' title='bbox 695 2663 754 2724; x_wconf 90' lang='lat' dir='ltr'><strong>sibi</strong></span> <span class='ocrx_word' id='word_1_159' title='bbox 777 2663 887 2724; x_wconf 89' lang='lat' dir='ltr'><strong>ducem</strong></span> <span class='ocrx_word' id='word_1_160' title='bbox 902 2664 1126 2743; x_wconf 80' lang='lat' dir='ltr'><strong>expetiverunt</strong></span> <span class='ocrx_word' id='word_1_161' title='bbox 1165 2661 1258 2725; x_wconf 87' lang='lat' dir='ltr'><strong>Gom-</strong></span> 
     </span>
     <span class='ocr_line' id='line_1_24' title="bbox 210 2759 1260 2846; baseline -0.003 -19"><span class='ocrx_word' id='word_1_162' title='bbox 210 2759 297 2846; x_wconf 74' lang='lat' dir='ltr'><strong>[tal]</strong></span> <span class='ocrx_word' id='word_1_163' title='bbox 320 2762 414 2826; x_wconf 91' lang='lat' dir='ltr'><strong>misso</strong></span> <span class='ocrx_word' id='word_1_164' title='bbox 429 2764 545 2845; x_wconf 90' lang='lat' dir='ltr'><strong>praelio</strong></span> <span class='ocrx_word' id='word_1_165' title='bbox 560 2770 592 2826; x_wconf 89' lang='lat' dir='ltr'><strong>et</strong></span> <span class='ocrx_word' id='word_1_166' title='bbox 606 2762 814 2826; x_wconf 90' lang='lat' dir='ltr'><strong>Phocensihus</strong></span> <span class='ocrx_word' id='word_1_167' title='bbox 836 2781 934 2844; x_wconf 90' lang='lat' dir='ltr'><strong>paene</strong></span> <span class='ocrx_word' id='word_1_168' title='bbox 956 2764 994 2826; x_wconf 93' lang='lat' dir='ltr'><strong>ad</strong></span> <span class='ocrx_word' id='word_1_169' title='bbox 1016 2763 1260 2826; x_wconf 89' lang='lat' dir='ltr'><strong>internecionem</strong></span> 
     </span>
     <span class='ocr_line' id='line_1_25' title="bbox 209 2863 1260 2943; baseline -0.001 -16"><span class='ocrx_word' id='word_1_170' title='bbox 209 2866 308 2928; x_wconf 90' lang='lat' dir='ltr'><strong>caesis</strong></span> <span class='ocrx_word' id='word_1_171' title='bbox 337 2865 467 2926; x_wconf 91' lang='lat' dir='ltr'><strong>victoria</strong></span> <span class='ocrx_word' id='word_1_172' title='bbox 495 2864 532 2925; x_wconf 94' lang='lat' dir='ltr'><strong>ad</strong></span> <span class='ocrx_word' id='word_1_173' title='bbox 558 2863 728 2943; x_wconf 88' lang='lat' dir='ltr'><strong>Philippum</strong></span> <span class='ocrx_word' id='word_1_174' title='bbox 755 2864 915 2926; x_wconf 89' lang='lat' dir='ltr'><strong>concessit.</strong></span> <span class='ocrx_word' id='word_1_175' title='bbox 961 2863 1022 2928; x_wconf 89' lang='lat' dir='ltr'><strong>Sed</strong></span> <span class='ocrx_word' id='word_1_176' title='bbox 1053 2863 1260 2926; x_wconf 87' lang='lat' dir='ltr'><strong>Athenienses</strong></span> 
     </span>
     <span class='ocr_line' id='line_1_26' title="bbox 209 2961 1262 3044; baseline -0.003 -17"><span class='ocrx_word' id='word_1_177' title='bbox 209 2965 315 3027; x_wconf 91' lang='lat' dir='ltr'><strong>audito</strong></span> <span class='ocrx_word' id='word_1_178' title='bbox 346 2963 421 3025; x_wconf 91' lang='lat' dir='ltr'><strong>belli</strong></span> <span class='ocrx_word' id='word_1_179' title='bbox 455 2970 585 3040; x_wconf 90' lang='lat' dir='ltr'><strong>eventu,</strong></span> <span class='ocrx_word' id='word_1_180' title='bbox 619 2981 659 3026; x_wconf 88' lang='lat' dir='ltr'><strong>ne</strong></span> <span class='ocrx_word' id='word_1_181' title='bbox 688 2961 842 3044; x_wconf 89' lang='lat' dir='ltr'><strong>Philippus</strong></span> <span class='ocrx_word' id='word_1_182' title='bbox 869 2965 1014 3028; x_wconf 81' lang='lat' dir='ltr'><strong>transiret</strong></span> <span class='ocrx_word' id='word_1_183' title='bbox 1034 2964 1068 3025; x_wconf 92' lang='lat' dir='ltr'><strong>in</strong></span> <span class='ocrx_word' id='word_1_184' title='bbox 1091 2961 1262 3042; x_wconf 83' lang='lat' dir='ltr'><strong>Graeciam,</strong></span> 
     </span>
     <span class='ocr_line' id='line_1_27' title="bbox 209 3061 1260 3146; baseline 0 -20"><span class='ocrx_word' id='word_1_185' title='bbox 209 3063 366 3146; x_wconf 79' lang='lat' dir='ltr'><strong>angustias</strong></span> <span class='ocrx_word' id='word_1_186' title='bbox 388 3061 658 3146; x_wconf 82' lang='lat' dir='ltr'><strong>Thermopylarum</strong></span> <span class='ocrx_word' id='word_1_187' title='bbox 679 3065 744 3145; x_wconf 93' lang='lat' dir='ltr'><strong>pari</strong></span> <span class='ocrx_word' id='word_1_188' title='bbox 771 3065 892 3127; x_wconf 88' lang='lat' dir='ltr'><strong>ratione</strong></span> <span class='ocrx_word' id='word_1_189' title='bbox 918 3067 998 3127; x_wconf 89' lang='lat' dir='ltr'><strong>sieut</strong></span> <span class='ocrx_word' id='word_1_190' title='bbox 1024 3064 1260 3127; x_wconf 88' lang='lat' dir='ltr'><strong>adventantibus</strong></span> 
     </span>
    </p>
   </div>
   <div class='ocr_carea' id='block_1_3' title="bbox 94 3163 1260 3247">
    <p class='ocr_par' dir='ltr' id='par_1_3' title="bbox 94 3163 1260 3247">
     <span class='ocr_line' id='line_1_28' title="bbox 94 3163 1260 3247; baseline -0.003 -19"><span class='ocrx_word' id='word_1_191' title='bbox 94 3176 99 3186; x_wconf 91' lang='grc'><em>“</em></span> <span class='ocrx_word' id='word_1_192' title='bbox 208 3171 299 3228; x_wconf 85' lang='lat' dir='ltr'><strong>antea</strong></span> <span class='ocrx_word' id='word_1_193' title='bbox 330 3163 431 3226; x_wconf 87' lang='lat' dir='ltr'><strong>Parsis</strong></span> <span class='ocrx_word' id='word_1_194' title='bbox 462 3180 662 3244; x_wconf 88' lang='lat' dir='ltr'><strong>occupavere.</strong></span> <span class='ocrx_word' id='word_1_195' title='bbox 705 3164 803 3247; x_wconf 84' lang='lat' dir='ltr'><strong>lgitur</strong></span> <span class='ocrx_word' id='word_1_196' title='bbox 829 3163 982 3244; x_wconf 90' lang='lat' dir='ltr'><strong>Philippus</strong></span> <span class='ocrx_word' id='word_1_197' title='bbox 1013 3164 1067 3226; x_wconf 91' lang='lat' dir='ltr'><strong>ubi</strong></span> <span class='ocrx_word' id='word_1_198' title='bbox 1100 3163 1260 3226; x_wconf 84' lang='lat' dir='ltr'><strong>exclusum</strong></span> 
     </span>
    </p>
   </div>
   <div class='ocr_carea' id='block_1_4' title="bbox 208 3262 1313 4047">
    <p class='ocr_par' dir='ltr' id='par_1_4' title="bbox 208 3262 1313 4055">
     <span class='ocr_line' id='line_1_29' title="bbox 210 3262 1260 3346; baseline -0.003 -18"><span class='ocrx_word' id='word_1_199' title='bbox 210 3283 246 3328; x_wconf 89' lang='lat' dir='ltr'><strong>se</strong></span> <span class='ocrx_word' id='word_1_200' title='bbox 275 3265 315 3328; x_wconf 93' lang='lat' dir='ltr'><strong>ab</strong></span> <span class='ocrx_word' id='word_1_201' title='bbox 343 3264 487 3346; x_wconf 80' lang='lat' dir='ltr'><strong>ingressu</strong></span> <span class='ocrx_word' id='word_1_202' title='bbox 514 3262 661 3327; x_wconf 89' lang='lat' dir='ltr'><strong>Graeciae</strong></span> <span class='ocrx_word' id='word_1_203' title='bbox 693 3265 891 3346; x_wconf 90' lang='lat' dir='ltr'><strong>praestructis</strong></span> <span class='ocrx_word' id='word_1_204' title='bbox 922 3264 1131 3346; x_wconf 76' lang='lat' dir='ltr'><strong>Thermopylis</strong></span> <span class='ocrx_word' id='word_1_205' title='bbox 1164 3265 1260 3342; x_wconf 88' lang='lat' dir='ltr'><strong>videt,</strong></span> 
     </span>
     <span class='ocr_line' id='line_1_30' title="bbox 209 3364 1260 3446; baseline 0.001 -19"><span class='ocrx_word' id='word_1_206' title='bbox 209 3371 346 3446; x_wconf 87' lang='lat' dir='ltr'><strong>paratum</strong></span> <span class='ocrx_word' id='word_1_207' title='bbox 367 3366 401 3426; x_wconf 90' lang='lat' dir='ltr'><strong>iu</strong></span> <span class='ocrx_word' id='word_1_208' title='bbox 422 3365 526 3426; x_wconf 89' lang='lat' dir='ltr'><strong>hostes</strong></span> <span class='ocrx_word' id='word_1_209' title='bbox 547 3364 678 3443; x_wconf 89' lang='lat' dir='ltr'><strong>bellurn,</strong></span> <span class='ocrx_word' id='word_1_210' title='bbox 700 3366 794 3428; x_wconf 87' lang='lat' dir='ltr'><strong>vertit</strong></span> <span class='ocrx_word' id='word_1_211' title='bbox 815 3366 847 3426; x_wconf 93' lang='lat' dir='ltr'><strong>in</strong></span> <span class='ocrx_word' id='word_1_212' title='bbox 869 3365 984 3428; x_wconf 89' lang='lat' dir='ltr'><strong>socios:</strong></span> <span class='ocrx_word' id='word_1_213' title='bbox 1016 3383 1086 3427; x_wconf 91' lang='lat' dir='ltr'><strong>nam</strong></span> <span class='ocrx_word' id='word_1_214' title='bbox 1109 3365 1260 3440; x_wconf 80' lang='lat' dir='ltr'><strong>civitates,</strong></span> 
     </span>
     <span class='ocr_line' id='line_1_31' title="bbox 209 3463 1260 3547; baseline -0.003 -19"><span class='ocrx_word' id='word_1_215' title='bbox 209 3483 338 3546; x_wconf 87' lang='lat' dir='ltr'><strong>quarum</strong></span> <span class='ocrx_word' id='word_1_216' title='bbox 360 3464 451 3544; x_wconf 92' lang='lat' dir='ltr'><strong>paulo</strong></span> <span class='ocrx_word' id='word_1_217' title='bbox 473 3471 544 3526; x_wconf 89' lang='lat' dir='ltr'><strong>ante</strong></span> <span class='ocrx_word' id='word_1_218' title='bbox 566 3465 630 3526; x_wconf 83' lang='lat' dir='ltr'><strong>dux</strong></span> <span class='ocrx_word' id='word_1_219' title='bbox 650 3463 767 3543; x_wconf 85' lang='lat' dir='ltr'><strong>fuerat,</strong></span> <span class='ocrx_word' id='word_1_220' title='bbox 789 3466 828 3528; x_wconf 90' lang='lat' dir='ltr'><strong>ad</strong></span> <span class='ocrx_word' id='word_1_221' title='bbox 854 3465 1066 3547; x_wconf 82' lang='lat' dir='ltr'><strong>gratulandum</strong></span> <span class='ocrx_word' id='word_1_222' title='bbox 1090 3483 1127 3528; x_wconf 87' lang='lat' dir='ltr'><strong>ac</strong></span> <span class='ocrx_word' id='word_1_223' title='bbox 1155 3465 1260 3528; x_wconf 88' lang='lat' dir='ltr'><strong>susci-</strong></span> 
     </span>
     <span class='ocr_line' id='line_1_32' title="bbox 208 3553 1260 3647; baseline 0 -21"><span class='ocrx_word' id='word_1_224' title='bbox 208 3565 354 3645; x_wconf 90' lang='lat' dir='ltr'><strong>piendum</strong></span> <span class='ocrx_word' id='word_1_225' title='bbox 374 3571 513 3644; x_wconf 92' lang='lat' dir='ltr'><strong>patentes</strong></span> <span class='ocrx_word' id='word_1_226' title='bbox 539 3563 689 3627; x_wconf 88' lang='lat' dir='ltr'><strong>hostiliter</strong></span> <span class='ocrx_word' id='word_1_227' title='bbox 709 3565 841 3646; x_wconf 88' lang='lat' dir='ltr'><strong>invadit,</strong></span> <span class='ocrx_word' id='word_1_228' title='bbox 854 3553 1031 3628; x_wconf 63' lang='lat' dir='ltr'><strong>&#39;crudeliter</strong></span> <span class='ocrx_word' id='word_1_229' title='bbox 1045 3566 1164 3647; x_wconf 90' lang='lat' dir='ltr'><strong>diripit:</strong></span> <span class='ocrx_word' id='word_1_230' title='bbox 1189 3582 1260 3628; x_wconf 84' lang='lat' dir='ltr'><strong>ona-</strong></span> 
     </span>
     <span class='ocr_line' id='line_1_33' title="bbox 209 3663 1261 3749; baseline 0.001 -22"><span class='ocrx_word' id='word_1_231' title='bbox 209 3666 305 3745; x_wconf 89' lang='lat' dir='ltr'><strong>nique</strong></span> <span class='ocrx_word' id='word_1_232' title='bbox 326 3666 483 3727; x_wconf 88' lang='lat' dir='ltr'><strong>societatis</strong></span> <span class='ocrx_word' id='word_1_233' title='bbox 504 3663 692 3728; x_wconf 88' lang='lat' dir='ltr'><strong>conscientia</strong></span> <span class='ocrx_word' id='word_1_234' title='bbox 715 3665 837 3744; x_wconf 89' lang='lat' dir='ltr'><strong>penitus</strong></span> <span class='ocrx_word' id='word_1_235' title='bbox 858 3665 971 3728; x_wconf 92' lang='lat' dir='ltr'><strong>abolita</strong></span> <span class='ocrx_word' id='word_1_236' title='bbox 999 3668 1148 3749; x_wconf 84' lang='lat' dir='ltr'><strong>conjuges</strong></span> <span class='ocrx_word' id='word_1_237' title='bbox 1175 3665 1261 3728; x_wconf 88' lang='lat' dir='ltr'><strong>libe-</strong></span> 
     </span>
     <span class='ocr_line' id='line_1_34' title="bbox 208 3763 1260 3847; baseline 0 -21"><span class='ocrx_word' id='word_1_238' title='bbox 208 3782 322 3846; x_wconf 88' lang='lat' dir='ltr'><strong>rosque</strong></span> <span class='ocrx_word' id='word_1_239' title='bbox 345 3765 480 3827; x_wconf 87' lang='lat' dir='ltr'><strong>omnium</strong></span> <span class='ocrx_word' id='word_1_240' title='bbox 500 3763 561 3825; x_wconf 89' lang='lat' dir='ltr'><strong>sub</strong></span> <span class='ocrx_word' id='word_1_241' title='bbox 581 3778 694 3826; x_wconf 85' lang='lat' dir='ltr'><strong>corona</strong></span> <span class='ocrx_word' id='word_1_242' title='bbox 716 3763 869 3843; x_wconf 86' lang='lat' dir='ltr'><strong>vendidit,</strong></span> <span class='ocrx_word' id='word_1_243' title='bbox 897 3767 1008 3847; x_wconf 89' lang='lat' dir='ltr'><strong>temple</strong></span> <span class='ocrx_word' id='word_1_244' title='bbox 1035 3784 1163 3847; x_wconf 90' lang='lat' dir='ltr'><strong>quoque</strong></span> <span class='ocrx_word' id='word_1_245' title='bbox 1184 3765 1260 3827; x_wconf 88' lang='lat' dir='ltr'><strong>uni-</strong></span> 
     </span>
     <span class='ocr_line' id='line_1_35' title="bbox 208 3855 1313 3948; baseline 0.003 -26"><span class='ocrx_word' id='word_1_246' title='bbox 208 3882 298 3926; x_wconf 92' lang='lat' dir='ltr'><strong>versa</strong></span> <span class='ocrx_word' id='word_1_247' title='bbox 319 3864 471 3927; x_wconf 86' lang='lat' dir='ltr'><strong>subvertit</strong></span> <span class='ocrx_word' id='word_1_248' title='bbox 492 3862 707 3941; x_wconf 88' lang='lat' dir='ltr'><strong>spoliavitque,</strong></span> <span class='ocrx_word' id='word_1_249' title='bbox 730 3881 788 3926; x_wconf 85' lang='lat' dir='ltr'><strong>nac</strong></span> <span class='ocrx_word' id='word_1_250' title='bbox 809 3871 911 3928; x_wconf 74' lang='lat' dir='ltr'><strong>umen</strong></span> <span class='ocrx_word' id='word_1_251' title='bbox 930 3885 1065 3948; x_wconf 91' lang='lat' dir='ltr'><strong>unquam</strong></span> <span class='ocrx_word' id='word_1_252' title='bbox 1081 3883 1137 3946; x_wconf 91' lang='lat' dir='ltr'><strong>per</strong></span> <span class='ocrx_word' id='word_1_253' title='bbox 1150 3855 1263 3947; x_wconf 68' lang='lat' dir='ltr'><strong>viginta</strong></span> <span class='ocrx_word' id='word_1_254' title='bbox 1308 3880 1313 3925; x_wconf 78' lang='lat' dir='ltr'><strong>t</strong></span> 
     </span>
     <span class='ocr_line' id='line_1_36' title="bbox 209 3940 1312 4047; baseline 0.004 -25"><span class='ocrx_word' id='word_1_255' title='bbox 209 3962 347 4043; x_wconf 88' lang='lat' dir='ltr'><strong>quinque</strong></span> <span class='ocrx_word' id='word_1_256' title='bbox 368 3979 465 4026; x_wconf 87' lang='lat' dir='ltr'><strong>anuos</strong></span> <span class='ocrx_word' id='word_1_257' title='bbox 487 3962 575 4043; x_wconf 89' lang='lat' dir='ltr'><strong>quasi</strong></span> <span class='ocrx_word' id='word_1_258' title='bbox 596 3961 682 4047; x_wconf 83' lang='lat' dir='ltr'><strong>iratis</strong></span> <span class='ocrx_word' id='word_1_259' title='bbox 709 3962 767 4026; x_wconf 91' lang='lat' dir='ltr'><strong>diis</strong></span> <span class='ocrx_word' id='word_1_260' title='bbox 794 3965 896 4030; x_wconf 86' lang='lat' dir='ltr'><strong>vlctus</strong></span> <span class='ocrx_word' id='word_1_261' title='bbox 924 3973 979 4032; x_wconf 86' lang='lat' dir='ltr'><strong>est.</strong></span> <span class='ocrx_word' id='word_1_262' title='bbox 1022 3967 1094 4031; x_wconf 85' lang='lat' dir='ltr'><strong>Post</strong></span> <span class='ocrx_word' id='word_1_263' title='bbox 1120 3966 1200 4029; x_wconf 85' lang='lat' dir='ltr'><strong>haec</strong></span> <span class='ocrx_word' id='word_1_264' title='bbox 1232 3967 1260 4027; x_wconf 93' lang='lat' dir='ltr'><strong>in</strong></span> <span class='ocrx_word' id='word_1_265' title='bbox 1307 3940 1312 4029; x_wconf 77' lang='grc' dir='ltr'>ἶ</span> 
     </span>
    </p>
   </div>
   <div class='ocr_carea' id='block_1_5' title="bbox 0 0 1324 4434">
    <p class='ocr_par' dir='ltr' id='par_1_5' title="bbox 0 0 1324 4434">
     <span class='ocr_line' id='line_1_37' title="bbox 0 0 1324 4434; baseline 0 0"><span class='ocrx_word' id='word_1_266' title='bbox 0 0 1324 4434; x_wconf 95' lang='lat' dir='ltr'><strong> </strong></span> 
     </span>
    </p>
   </div>
   <div class='ocr_carea' id='block_1_6' title="bbox 1315 0 1319 1138">
    <p class='ocr_par' dir='ltr' id='par_1_6' title="bbox 1315 0 1319 1138">
     <span class='ocr_line' id='line_1_38' title="bbox 1315 0 1319 1138; baseline 0 0"><span class='ocrx_word' id='word_1_267' title='bbox 1315 0 1319 1138; x_wconf 95' lang='lat' dir='ltr'><strong> </strong></span> 
     </span>
    </p>
   </div>
   <div class='ocr_carea' id='block_1_7' title="bbox 1316 3153 1317 3816">
    <p class='ocr_par' dir='ltr' id='par_1_7' title="bbox 1316 3153 1317 3816">
     <span class='ocr_line' id='line_1_39' title="bbox 1316 3153 1317 3816; baseline 0 0"><span class='ocrx_word' id='word_1_268' title='bbox 1316 3153 1317 3816; x_wconf 95' lang='lat' dir='ltr'><strong> </strong></span> 
     </span>
    </p>
   </div>
  </div>
 </body>
</html>
