2634 4434
550 312 622 382 145

59 545 171 608 nnllam
187 563 258 608 esse
271 546 425 610 residuam
443 563 541 626 spem,
563 546 624 609 nisi
645 548 678 608 in
699 546 832 627 petenda
853 565 929 627 pace
950 552 1108 630 persuasit.

59 645 111 708 Gn.
134 645 278 708 Cornelio
299 645 446 725 Lentulo,
474 647 502 709 P.
530 644 622 708 Aelio
649 647 743 710 Paeto
770 647 949 711 consulibus
978 649 1108 714 Cartha-

56 746 249 827 giniensibus
271 765 330 826 pax
349 765 405 827 per
419 746 593 826 Scipionem
615 747 774 810 voluntate
796 755 921 811 senatus
941 750 1110 830 populique

56 863 203 908 concessa
225 853 280 909 εει
312 847 414 910 Nares
435 854 536 909 tamen
560 847 628 927 plus
650 866 741 928 quam
763 850 952 931 quingentae
967 850 999 911 in
1014 849 1109 912 altum

55 944 222 1024 productae
243 946 276 1007 in
298 953 466 1027 conspectu
487 947 620 1010 civitatis
642 949 788 1011 incensae
810 955 890 1011 sunt
926 949 1028 1030 Scipio
1045 949 1109 1029 Jam

56 1051 128 1107 tunc
163 1053 368 1128 cognomento
401 1044 567 1108 Africanus
595 1048 784 1128 triumphans
810 1047 922 1111 Urbem
950 1050 1110 1132 ingressus

55 1153 116 1224 est,
150 1165 244 1226 quiem
271 1145 449 1224 Terentius,
478 1148 532 1227 qui
560 1153 666 1226 postea
693 1147 845 1224 comicus,
878 1166 919 1209 ex
950 1149 1107 1212 nobilibus

55 1244 351 1328 Carthaginiensium
372 1247 500 1326 captivis
522 1246 652 1326 pileatus
676 1243 770 1328 (quod
790 1247 927 1309 indultae
942 1248 1001 1310 sibi
1018 1243 1107 1324 [269]

53 1344 205 1409 libertatis
219 1346 342 1427 insigne
356 1343 426 1428 luit)
441 1346 675 1427 triumphantem
692 1353 760 1428 post
774 1365 898 1410 currum
913 1355 1039 1412 secutus
1054 1355 1109 1411 est.

391 1529 590 1664 tapnt
641 1529 779 1636 XX.

52 1693 108 1780 De
131 1713 218 1780 bello
239 1713 487 1797 Macedonico,
514 1717 553 1783 a'n
573 1735 640 1802 qno
667 1735 744 1782 cam
769 1719 877 1784 cartis
899 1737 941 1784 oc
962 1718 1109 1784 dumata

53 1815 214 1904 Rotnani,
232 1817 422 1900 praecipue
439 1817 611 1884 adamans
625 1815 843 1886 Macedones
856 1823 892 1886 et
904 1817 1109 1886 Antiochum

159 2002 168 2014 x
246 1914 375 2002 Syriae
394 1936 526 2003 repen,
550 1920 648 1984 varta
666 1925 917 2004 pugnaverant.

137 2043 230 2137 Anno
244 2043 283 2107 ab
299 2044 381 2107 Urbe
401 2045 524 2108 condita
538 2045 668 2111 ltXLVl.
689 2044 804 2109 bellum
820 2047 966 2111 Punicum
988 2065 1106 2112 secun--

55 2143 125 2206 dum
148 2144 269 2208 finitum
290 2153 348 2223 est,
371 2147 454 2227 quod
474 2154 595 2228 gestum
617 2154 665 2210 est
688 2147 776 2208 annis
797 2147 1032 2226 septemdecim:
1057 2149 1134 2214 cui.

54 2241 285 2308 Macedonicum
307 2248 455 2308 continua
469 2249 628 2324 successit,
645 2247 728 2328 quod
745 2247 907 2319 Quinctius
921 2245 1108 2308 Flamininus

56 2343 120 2408 dos.
145 2346 270 2408 sortitus
292 2353 360 2425 post
379 2347 474 2408 multa
493 2353 525 2408 et
543 2348 723 2428 gravissima
739 2347 864 2425 praelia,
887 2346 999 2426 quibus
1021 2343 1108 2429 [270]

54 2442 238 2507 Macedones
259 2449 333 2509 victi
359 2455 433 2510 sunt
461 2464 567 2527 pacem
595 2446 733 2523 Philippo
761 2445 853 2506 dedit.
896 2446 1016 2508 Deinde
1039 2465 1109 2508 cum

54 2543 306 2608 Lacedaemoniis
327 2547 476 2628 pugnavit
503 2545 585 2606 victo
611 2542 730 2606 Nabide
759 2543 838 2605 duce
865 2545 1016 2623 ipsorum,
1046 2562 1109 2607 no-

55 2643 221 2709 bilissimos
242 2646 366 2709 obsides
388 2647 577 2708 Demetrium
607 2644 736 2726 Philippi
762 2643 857 2706 silium
884 2651 916 2707 et
942 2643 1109 2708 Armenem

56 2743 182 2810 Nabidis
196 2747 292 2810 lilium
306 2754 379 2809 ante
401 2765 524 2810 currum
546 2748 642 2811 duxit.
678 2746 807 2808 Romani
829 2747 952 2824 captivi,
975 2748 1028 2826 qui
1051 2747 1108 2809 sub

56 2845 209 2909 Annibale
235 2865 291 2927 per
318 2845 477 2911 Graeciam
506 2848 625 2910 rendit-i
651 2846 790 2924 luerent,
823 2847 960 2908 universi
992 2848 1114 2926 recepti.

57 2947 208 3025 capitibus
228 2948 306 3010 rasis
324 2947 363 3009 ob
379 2948 529 3010 detersam
545 2948 735 3024 servitutem,
759 2964 881 3008 currum
898 2946 1110 3028 triumphantis

58 3047 157 3108 secuti
178 3055 260 3110 sunt.
302 3046 419 3109 Eodem
441 3055 577 3126 tempore
599 3046 762 3124 insubres,
780 3047 847 3108 Boii
869 3053 961 3126 atquc
984 3047 1108 3111 Caeno-

59 3148 139 3208 mani
161 3149 325 3210 contractis
347 3148 380 3208 in
402 3165 498 3209 unum
519 3145 648 3224 viribus,
671 3145 824 3207 Amilcare
840 3146 942 3207 Poeno
962 3147 1040 3208 duce
1056 3149 1110 3226 qni

60 3244 90 3306 in
122 3246 209 3309 ltalia
241 3253 445 3324 remanserat,
474 3245 655 3307 Cremonam
681 3245 928 3322 Placentiamquc
957 3252 1112 3308 vastantes

61 3345 239 3408 difficillimo
254 3346 337 3408 bello
358 3364 376 3408 a
397 3346 429 3407 L.
451 3345 542 3406 Furio
565 3353 706 3425 praetore
729 3343 864 3422 superati
886 3351 966 3406 sunt.
1003 3345 1111 3410 Postea
1147 3347 1150 3354 '

60 3443 245 3508 Flamininus
268 3445 462 3526 proconsule,
487 3444 657 3524 Philippum
679 3461 785 3526 regem
808 3450 929 3506 etcum
952 3464 990 3508 oo
1010 3447 1110 3512 Thra·-

62 3561 120 3623 cas,
142 3545 337 3625 Macedones,
360 3545 490 3626 illyrios,
513 3545 685 3626 multasque
708 3552 866 3626 praeterea
888 3554 1008 3628 gentes,
1031 3567 1111 3629 quae

62 3645 93 3705 in
112 3647 260 3708 auxilinm
284 3649 314 3710 ei
343 3654 508 3725 venerant,
536 3645 618 3710 bello
643 3645 776 3727 subegit.
820 3647 900 3709 Victi
928 3647 1111 3708 Macedones

64 3753 157 3808 castra
180 3748 364 3825 amiserunt,
387 3755 456 3809 octo
479 3747 574 3808 millia
595 3747 727 3826 hostium
751 3765 789 3810 ec
812 3748 862 3810 die
885 3765 990 3826 caesa,
1014 3746 1110 3823 quin-

64 3861 122 3921 qua
149 3848 243 3910 millia
270 3854 357 3927 capta
384 3847 527 3929 Polybius
555 3849 670 3911 scribit.
713 3847 853 3909 Valerius
879 3845 953 3907 dicit
974 3844 1111 3922 quadra-

64 3945 146 4022 ginta
178 3948 271 4012 millia
304 3947 462 4012 trucidata.
515 3947 659 4012 Claudius
692 3964 766 4010 vcro
800 3942 986 4024 trigintaduo
1019 3947 1112 4010 millia
