2634 4434
561 315 635 386 275
703 349 706 352 ·

495 420 702 432 -ι----ι

68 554 172 616 virum
195 552 255 616 lrde
276 553 489 635 sapientiaque
510 553 651 633 plenum,
679 560 710 615 et
732 570 786 632 per
808 551 957 614 Serenum
981 551 1126 616 Granium

67 655 226 736 legatum,
254 655 341 717 libris
363 655 401 717 de
425 653 594 716 Christiana
616 653 769 736 religione
792 654 984 734 compositis,
1006 656 1126 716 instru-

67 763 140 818 ctus
163 763 256 836 atque
278 756 417 819 eruditus
446 758 601 837 praecepit
627 775 684 838 per
710 754 868 836 epistolam
894 755 932 816 ad
961 754 1128 816 Minucium

66 857 250 919 Fundanum
266 856 480 938 proconsulem
495 858 588 920 Asiae
604 859 714 938 datam,
737 865 771 918 ut
793 857 909 919 nemini
932 855 1013 918 lice·
1038 851 1127 930 [489]

65 966 121 1022 ret
136 958 324 1021 Christianos
337 960 405 1021 sine
421 959 545 1039 objectu
560 961 697 1021 criminis
713 965 766 1019 aut
780 956 960 1037 probatione
976 957 1129 1018 damnare.

65 1059 157 1122 ldem
180 1077 305 1139 quoque
327 1062 474 1121 contiuuo
495 1067 583 1136 pater
604 1060 720 1137 patriae
743 1059 773 1118 in
795 1065 904 1119 senatu
919 1059 997 1119 ultra
1014 1074 1148 1118 morem*

65 1162 221 1242 majorum
237 1159 416 1238 adpellatur‚
440 1163 472 1218 et
485 1175 565 1220 uxor
579 1161 647 1240 ejus
663 1159 811 1239 Augusta:
847 1158 1017 1220 Hadrianus
1032 1157 1128 1218 Rem-

65 1260 228 1342 publioam
246 1259 424 1336 Justissimis
446 1258 566 1339 legibus
589 1260 756 1337 ordinavit,
780 1259 893 1321 bellum
917 1267 1021 1320 contra
1046 1258 1129 1320 Sau-
1211 1323 1213 1328 ,

64 1367 207 1424 romatas
233 1360 330 1440 gessit
357 1366 388 1420 et
409 1360 489 1422 vicit.
533 1360 668 1423 ludaeos
689 1378 763 1423 sane
785 1361 1015 1442 perturbatione
1039 1355 1129 1432 [tob]

63 1459 229 1526 scelerum
262 1477 385 1522 suorum
420 1462 590 1542 exagitatos
626 1469 657 1524 et
693 1463 907 1541 Palaestinam,
940 1461 1130 1542 provinciam

66 1561 230 1643 quondam
256 1577 352 1637 suam,
374 1562 595 1641 depopulantes
617 1563 723 1624 ultima
746 1563 841 1624 caede
863 1563 1050 1643 perdomuit:
1075 1562 1129 1621 ul-

67 1672 188 1742 tusque
210 1668 259 1723 est
281 1661 483 1740 Christianos,
511 1680 589 1742 quos
617 1663 661 1725 illi
691 1663 824 1725 Cotheba
849 1663 944 1740 duce,
967 1661 1049 1743 quod
1071 1659 1130 1722 sibi

13 1827 25 1846 Ι
69 1763 224 1826 adversus
242 1761 397 1825 'Romanos
420 1781 481 1826 non
503 1764 753 1843 adsenturentur‚
777 1764 1011 1839 excruciabant,
1035 1779 1129 1842 prae·

71 1864 236 1943 cepitque,
270 1882 310 1925 ne
344 1865 395 1926 cui
427 1864 546 1926 ludaeo
574 1867 751 1929 introeundi
780 1865 1021 1947 Hierosolymam
1050 1870 1132 1926 esset

72 1963 211 2042 licentia,
235 1963 414 2028 Christianis
436 1973 553 2028 tantum
576 1969 701 2030 civitate
722 1970 884 2049 permissa:
909 1985 999 2049 quarn
1018 1966 1130 2048 ipsein

73 2065 221 2142 optimum
243 2071 353 2128 statum
377 2077 532 2148 mprorum
555 2071 765 2133 exstructione
780 2072 943 2152 reparavit,
966 2068 1130 2131 athaliam

75 2166 182 2228 vocari
204 2166 243 2228 de
264 2169 463 2252 praenomine
485 2184 541 2229 suo
564 2171 728 2249 praecepit.

706 2299 708 2303 ·
1092 2272 1111 2320 θ

424 2417 611 2556 capnt
664 2416 782 2528 rtt.

282 2617 451 2688 Antonini
470 2619 527 2702 Ptt
547 2621 715 2691 Caesarne
735 2623 925 2706 imperinm.

163 2777 254 2838 Anno
277 2777 315 2839 ab
337 2777 419 2839 Urbe
441 2779 563 2841 condita
579 2777 863 2840 bccctxxxvttt.
887 2779 1051 2859 Antonius,
1074 2797 1132 2844 oo-

76 2884 245 2958 gnomento
260 2878 341 2956 Pius,
365 2880 613 2942 tertiusdecimus
634 2881 672 2941 ab
688 2880 829 2962 Augusto
851 2879 1019 2962 Imperator
1040 2901 1132 2945 crea-

78 2986 147 3054 tus,
175 2997 244 3040 cum
272 2979 379 3042 liberis
407 2983 487 3058 suis,
514 2980 643 3043 Aurelio
669 2989 700 3044 et
722 2982 833 3060 Lucio,
855 2983 966 3064 viginti
989 2991 1020 3047 et
1043 2982 1133 3062 [491]

78 3096 141 3140 uon
163 3077 261 3158 plenis
282 3081 380 3142 trihus
395 3083 483 3142 annis
497 3079 716 3158 rempublicam
739 3081 923 3160 gubernavit
944 3083 1022 3145 adeo
1044 3093 1133 3148 tran-

79 3178 175 3260 quille
198 3186 230 3240 et
251 3189 367 3258 sancte,
390 3189 425 3243 ut
445 3181 556 3243 merito
577 3179 647 3241 Pius
673 3187 704 3242 et
723 3188 810 3259 pater
829 3182 945 3260 patriae
960 3184 1134 3248 nominatus
1173 3171 1182 3182 ¹

77 3280 127 3342 sit.
170 3279 267 3361 liujus
290 3289 390 3343 tamen
421 3279 610 3361 temporibus
636 3280 817 3343 Valentinus
844 3280 1074 3346 haeresiarches
1103 3293 1135 3349 et

80 3379 195 3457 cerdo,
219 3379 364 3462 Magister
385 3381 563 3459 Marcionis,
585 3380 709 3443 Romam
733 3389 893 3445 venerunt.
937 3383 1050 3450 Verum
1072 3386 1133 3450 Ju-

79 3482 178 3542 stinus
199 3481 397 3562 philosophus
419 3482 529 3543 librum
559 3500 615 3562 pro
642 3483 801 3546 Christano
828 3484 980 3566 religione
1003 3505 1133 3566 compo-

80 3581 171 3643 situm
194 3582 351 3644 Antonino
374 3582 512 3660 tradidit,
540 3583 771 3665 benignumque
794 3603 864 3647 eum
888 3605 961 3668 erga
983 3585 1133 3647 Christia-

81 3698 137 3744 nos
171 3681 252 3746 lecit.
295 3684 470 3745 Antoninus
504 3685 542 3747 ad
573 3685 789 3750 duodecimum
822 3687 860 3750 ab
889 3685 970 3748 Urbe
1003 3684 1133 3766 lapidem

81 3783 187 3846 morbo
209 3792 367 3868 correptus
393 3786 516 3848 interiit.
