2634 4434
554 321 600 392 51

64 558 295 636 pmcmrendum
310 555 419 635 lihcra,
441 574 546 636 neone
561 556 600 618 nd
613 559 811 638 pugnandum
827 559 980 639 expedita,
1002 577 1106 642 neque

62 659 97 720 ad
115 659 296 741 llrgicndnm
316 665 451 738 pro-ta,
476 657 550 719 solis
579 657 728 721 mortihm
754 659 983 741 subrigeretur,
1004 662 1110 723 triduo

62 761 201 822 continuo
222 777 284 821 non
307 760 438 821 duormn
456 775 570 840 pugna,
592 758 648 821 sed
670 760 782 822 caedes
805 761 898 822 unitus
918 759 1023 842 populi
1038 759 1110 823 luit,

61 859 168 932 Quarta
199 868 300 923 eutem
334 859 384 922 die
418 877 489 920 cum
520 859 640 922 rideret
666 860 818 924 Leonidas
850 862 989 941 undique
1018 856 1108 942 [llll

59 957 170 1022 hostem
194 959 415 1037 circumfundi,
445 958 583 1022 hortatur
609 961 777 1023 auxiliares
808 964 927 1039 socios,
959 969 995 1024 ut
1025 960 1106 1023 suh-

59 1061 208 1124 trahentes
231 1078 265 1123 se
292 1077 431 1142 pugnae,
459 1060 491 1121 in
520 1078 669 1122 cacumen
698 1065 809 1123 montis
835 1063 984 1139 evehat,
1010 1079 1047 1124 ec
1072 1077 1109 1123 se

57 1160 91 1222 ad
123 1162 250 1224 meliora
285 1170 422 1242 tempora
455 1167 632 1224 reservent:
664 1161 726 1223 sihi
751 1179 828 1224 vero
854 1179 924 1223 cum
953 1162 1111 1241 Spartanis

56 1262 114 1323 suis
137 1262 228 1325 aliern
249 1269 363 1325 sortem
387 1277 456 1324 esse
478 1260 686 1323 subeundam:
711 1261 779 1342 plus
799 1280 835 1324 se
856 1262 973 1342 patriae
992 1261 1111 1324 dehere

56 1377 142 1439 quam
166 1364 257 1426 vitae.
298 1364 438 1426 Dimissis
459 1363 563 1440 scotie,
588 1362 752 1443 Spartanos
774 1363 928 1445 admonet,
949 1363 988 1424 de
1010 1361 1109 1444 gloria

55 1458 234 1538 plurimum,
261 1463 300 1524 de
322 1465 383 1524 vita
406 1447 482 1524 nihil
504 1463 705 1543 sperandum:
729 1481 833 1543 neque
855 1463 1107 1543 exspectandum,

54 1561 99 1622 rel
124 1562 263 1636 hostem,
290 1561 340 1622 vel
368 1563 465 1637 diem,
494 1563 549 1622 scd
577 1565 740 1625 occasione
762 1565 862 1626 noctis
883 1563 1112 1645 perrumpenda·

53 1667 162 1738 castra,
187 1659 412 1722 commiscenda
428 1678 521 1737 erma,
543 1662 753 1724 conturbanda
767 1663 890 1744 agmina
910 1663 987 1726 iore.
1021 1661 1109 1722 Nus·

53 1778 144 1839 quam
167 1761 304 1822 victores
323 1759 494 1835 honestius,
518 1778 611 1840 quam
631 1760 663 1821 in
679 1762 787 1824 castris
801 1760 933 1824 hostium
948 1761 1109 1843 perituros.

53 1859 193 1924 Persuasi
215 1860 311 1942 igitur
332 1860 410 1922 mori
433 1859 532 1938 molle,
556 1861 589 1922 in
610 1859 760 1923 ultionem
782 1860 905 1924 suturae
926 1863 1032 1923 mortis
1052 1878 1108 1922 ar-

53 1969 185 2039 mantur,
208 1967 360 2040 tamquam
383 1960 441 2040 ipsi
463 1960 621 2022 interitum
642 1979 732 2023 suum
755 1969 788 2024 et
807 1963 970 2044 exigerent
984 1969 1017 2024 et
1031 1962 1107 2023 rin-

54 2061 201 2125 dicarent.
245 2060 354 2123 Mirum
383 2061 482 2137 dictu,
511 2063 653 2124 sexcenti
679 2062 739 2123 viri
765 2069 864 2124 castra
890 2069 1110 2126 sexcentorum

54 2162 183 2226 millium
206 2164 390 2244 inrumpunt.
434 2161 592 2224 Tumultus
615 2164 687 2225 totis
714 2164 822 2224 castris
848 2164 955 2226 oritur.
997 2163 1110 2223 Persae

55 2280 180 2344 quoque
196 2263 254 2342 ipsi
270 2263 434 2343 Spartanos
449 2261 593 2342 adjuvant
608 2264 722 2324 mutuis
737 2262 885 2324 caedibus
899 2264 972 2326 suis.
1010 2261 1113 2341 Spar·

53 2365 132 2440 tani,
168 2369 352 2442 quaerentes
378 2381 499 2444 regern,
529 2380 587 2424 nec
616 2363 829 2425 invenientes:
864 2365 997 2425 caedunt
1023 2369 1108 2424 ster-

53 2470 194 2544 nuntque
210 2464 323 2541 omnia,
343 2471 442 2526 cestra
456 2462 839 2542 pervagenturuniversa,
858 2469 889 2521 ct
904 2462 984 2522 inter
998 2462 1117 2521 densas-

53 2569 155 2628 strues
185 2581 350 2644 corporum
374 2579 461 2624 raros
487 2559 627 2622 homines
660 2560 714 2620 vix
746 2565 926 2640 sequuntur
970 2558 1112 2620 Victores

54 2665 120 2726 sine
156 2663 266 2742 dubio,
299 2663 361 2726 nisi
393 2663 471 2724 mori
501 2661 677 2742 elegissent.
725 2661 877 2724 Pracliurn
909 2680 927 2722 a
958 2659 1110 2740 principio

54 2765 155 2828 noctis
184 2765 218 2828 in
250 2766 395 2846 majorem
428 2763 490 2825 dici
523 2769 638 2842 portem
672 2769 818 2824 tractum:
851 2761 889 2823 ad
922 2767 1117 2839 postremum,

53 2865 211 2930 vincendo
233 2863 370 2947 fatigati,
392 2865 445 2927 ubi
468 2864 600 2944 quisquc
622 2879 748 2940 eorum,
770 2861 985 2924 deficientibus
1007 2877 1118 2920 mem--

52 2963 132 3043 hris,
163 2965 249 3028 visus
278 2963 325 3029 est
349 2965 410 3028 sihi
432 2965 536 3048 mortis
558 2981 634 3026 suae
655 2963 775 3026 ultione
797 2965 947 3040 satiatus,
963 2961 1008 3023 ihi
1029 2961 1112 3022 inter

53 3066 264 3145 inpedimenta
280 3067 473 3142 cadaverum,
495 3083 698 3144 carnpumqne
719 3082 823 3127 crasso
845 3072 878 3127 et
898 3063 998 3127 semi-
1021 3056 1117 3144 [ll2]·

52 3167 158 3246 gelato
180 3167 334 3248 sanguine
356 3167 571 3249 palpitantem,
591 3165 693 3248 lapsus
716 3173 752 3229 et
770 3173 908 3228 nrortuus
931 3171 987 3227 est.

438 3421 625 3556 tepet
679 3414 730 3525 X,

54 3627 219 3694 Xerxem
243 3625 503 3712 Themistocles,
525 3625 613 3693 Duce
636 3625 894 3694 Atheniensium
899 3675 911 3711 ,
934 3627 1017 3696 hello
1040 3647 1109 3692 ex·

93 3731 200 3814 cepit.
242 3725 350 3813 Dein,
373 3749 453 3810 curn
472 3729 588 3796 Jonas
610 3729 652 3796 ub
676 3749 715 3794 eo
737 3731 939 3813 alienasset,
961 3728 1070 3811 Μαί.

141 3883 278 3961 Xerxes,
313 3885 362 3945 his
387 3885 486 3947 victus
515 3887 547 3947 in
577 3892 674 3961 terr-a,
703 3883 812 3945 nauale
838 3880 987 3961 praelium
1015 3888 1110 3961 parat.

49 3986 116 4049 Sed
148 3984 385 4063 Themistocles,
418 3985 489 4046 Dux
522 3984 774 4060 Atheniensium,
807 3998 875 4043 cum
908 3979 1114 4043 intellexisset
