2634 4434
184 536 294 615 paucis
309 534 408 597 rediit.
443 534 519 615 llam
543 552 611 595 eum
636 532 830 597 multitudine
853 536 993 615 equitum
1015 542 1046 595 et
1060 536 1249 617 sagittarum

188 635 226 696 ab
255 636 396 697 omnibus
423 635 561 714 praeliis,
596 654 675 715 quae
702 636 789 715 plura
817 636 962 711 tentavit,
991 636 1090 697 victus
1119 654 1248 716 semper

189 734 354 815 effingeret,
383 744 444 797 lum
477 742 634 816 praeterea
662 736 789 796 incertis
816 742 848 795 et
869 736 983 815 ignotis
1003 737 1142 815 regionis
1164 736 1247 798 locis

188 836 366 913 impeditus,
389 838 567 917 gravIssima
591 836 671 898 fame
693 835 731 895 ad
753 833 903 896 nefandos
926 834 1011 897 cibos
1032 844 1157 898 coactus
1183 844 1245 913 est,

187 935 372 1015 plurimique
406 936 533 997 militum
567 952 637 997 sese
671 934 811 995 hostibus
843 934 1037 997 dediderunt.
1095 934 1172 997 lnde
1210 939 1245 998 in

188 1034 345 1096 Graeciam
369 1037 502 1112 transiit,
521 1038 677 1117 jussitque
698 1035 889 1114 Pompeium,
916 1037 970 1114 qui
991 1034 1092 1096 victus
1114 1054 1132 1097 a
1154 1036 1243 1099 Cae-

187 1152 255 1197 sare
283 1137 452 1198 exercitum
479 1137 657 1216 bellumque
684 1134 860 1215 reparabat,
894 1152 963 1197 curn
995 1134 1101 1212 paucis
1133 1136 1173 1197 ad
1206 1154 1242 1198 se

187 1237 303 1299 venire.
347 1237 506 1316 Pompeius
534 1235 657 1321 lugiens
687 1256 704 1297 a
733 1236 812 1296 Titio
840 1242 871 1296 et
899 1234 1027 1311 Furnio,
1054 1234 1243 1297 Antonianis

187 1334 333 1422 ducibuS,
361 1354 453 1416 saepe
480 1326 618 1401 terrestri
646 1336 809 1415 navalique
836 1333 918 1396 bello
945 1334 1045 1395 vietus
1067 1342 1099 1397 et
1121 1342 1240 1415 captus,

186 1454 222 1496 ac
243 1444 312 1515 post
332 1436 488 1516 paululum
512 1436 694 1499 interiectus
716 1443 771 1498 est.
818 1436 929 1497 Caesar
956 1434 1126 1516 Illyricum,
1154 1436 1238 1497 Pan-

186 1536 309 1595 noniam
333 1544 510 1616 partemque
532 1537 648 1615 ltaliae,
673 1537 761 1598 bellis
783 1536 907 1617 subegit
928 1542 960 1596 et
981 1536 1108 1611 domuit,
1132 1535 1238 1597 Anto-

186 1635 257 1696 nius
272 1634 468 1715 Artabanem,
483 1638 649 1700 Armeniae
665 1655 782 1719 regem,
804 1635 977 1716 proditione
999 1642 1031 1697 et
1052 1635 1123 1697 dolo
1144 1635 1240 1716 cepit,

186 1753 278 1813 quem
306 1744 451 1817 argentea
474 1744 581 1799 catena
604 1740 740 1799 vinctum
763 1737 801 1799 ad
823 1733 1048 1797 confessionem
1070 1734 1237 1809 thesauro-

185 1852 252 1895 rum
274 1838 430 1917 regiorum
453 1840 564 1918 coegit.
605 1838 850 1917 Expugnatoque
872 1836 993 1915 oppido,
1016 1836 1048 1896 in
1071 1852 1133 1914 quo
1154 1851 1235 1896 con·

186 1936 265 1996 ditos
298 1952 367 1997 esse
396 1937 586 2015 prodiderat,
615 1956 755 2018 magnam
782 1937 844 1998 vim
872 1937 939 1997 auri
966 1936 1149 2015 argentique
1174 1934 1236 1995 ab·

185 2034 278 2096 stulit.
322 2036 388 2107 Qua
412 2036 509 2113 elatus
531 2038 673 2116 pecunia,
696 2036 869 2097 denuntiari
891 2035 1003 2099 bellum
1028 2035 1161 2111 Caesari,
1184 2042 1236 2097 at-

186 2150 247 2213 qua
271 2134 426 2214 Octaviae,
449 2138 547 2198 sorori
566 2136 714 2213 Caesaris,
738 2136 828 2197 uxori
848 2153 934 2213 suae,
956 2136 1118 2215 repudium
1140 2136 1237 2197 indici

187 2228 273 2316 [437]
303 2236 411 2316 jussit,
433 2236 676 2315 etcteopauam
705 2236 764 2298 sibi
791 2254 831 2297 ex
858 2236 1044 2297 Alexandria
1071 2253 1238 2297 occurrere

185 2334 353 2413 imperavit.
386 2336 454 2414 lpse
475 2336 608 2413 Actium,
632 2337 686 2397 ubi
701 2336 827 2397 classem
844 2336 1054 2411 constituerat,
1069 2334 1237 2413 proiectus,

186 2451 255 2495 curn
278 2451 371 2515 prope
395 2437 513 2497 tertiam
536 2443 650 2517 partem
673 2437 823 2516 remigum
847 2434 927 2497 fame
946 2435 1113 2497 absuntam
1129 2434 1235 2495 olien-

187 2534 296 2613 disset,
330 2537 405 2598 nibil
439 2545 551 2599 molus:
583 2537 686 2614 Remi,
713 2537 830 2616 inquit,
856 2536 944 2597 modo
966 2534 1044 2597 salvi
1065 2536 1142 2608 sint;
1165 2552 1236 2595 narn

185 2636 320 2715 remiges
352 2654 414 2697 non
449 2636 595 2712 deerunt,
629 2636 730 2716 quoad
759 2635 886 2697 Graecia
915 2635 1054 2696 homines
1086 2635 1236 2697 babuerit.

188 2732 299 2809 Caesar
321 2735 460 2799 ducentis
483 2738 608 2818 triginta
634 2736 773 2797 rostratis
801 2733 930 2795 navibus
959 2752 977 2795 a
1005 2734 1176 2797 Brundusio
1203 2736 1237 2795 in

186 2833 310 2915 Epirum
327 2836 481 2915 proiectus
502 2845 558 2899 est.
595 2838 730 2917 Agrippa
751 2853 826 2897 vero
849 2835 1032 2914 praemissus
1055 2853 1072 2895 a
1095 2835 1236 2913 Caesare,
1296 2855 1299 2862 ’

187 2935 297 2997 multas
324 2939 479 2998 onerarias
508 2953 601 2997 naves
629 2936 783 2996 frumento
811 2942 903 3013 atque
931 2935 1024 2997 armis
1055 2952 1166 3015 graves
1198 2934 1236 2996 ab

187 3035 345 3115 Aegypto,
376 3036 462 3115 Syria
489 3035 625 3115 Asiaque
655 3036 693 3097 ad
721 3034 890 3097 subsidium
917 3034 1052 3108 Antonio
1073 3036 1236 3096 venientes

188 3136 283 3213 cepit3
314 3143 536 3217 peragratoque
558 3135 834 3215 Peloponnensium
861 3136 947 3211 sinu,
976 3124 1149 3197 Mathonem
1176 3153 1235 3195 ur-

187 3235 257 3298 bem
280 3237 466 3300 validissimo
488 3237 664 3298 Antoniano
685 3234 838 3314 praesidio
867 3235 1013 3295 munitam
1040 3235 1236 3315 expugnavit.

187 3335 262 3397 Inde
291 3336 452 3417 Corcyram
480 3338 574 3416 cepit:
602 3334 758 3415 fugientes
786 3334 886 3395 navali
912 3334 1029 3413 praelio
1056 3340 1238 3413 persecutus

187 3434 372 3514 profligavit3
397 3436 561 3515 multisque
583 3435 677 3498 rebus
707 3434 919 3497 cruentissime
945 3435 1058 3515 gestis,
1086 3435 1124 3495 ad
1153 3433 1235 3494 Cae-

187 3550 285 3595 sarem
314 3536 407 3596 venit.
450 3534 603 3597 Antonius
632 3533 757 3596 delectu
786 3542 817 3597 et
846 3534 926 3595 lame
956 3533 1084 3595 militum
1111 3550 1236 3594 suorum

187 3642 342 3715 permotus
364 3635 478 3697 bellum
508 3644 660 3697 maturare
688 3636 833 3714 instituit,
861 3652 897 3695 ac
924 3640 1051 3712 repente
1080 3634 1236 3694 instructis

188 3738 298 3814 copiis,
327 3736 364 3796 ad
393 3735 530 3797 Caesaris
557 3742 653 3795 castra
681 3735 830 3811 processit
856 3740 888 3793 et
913 3734 1013 3794 victus
1035 3739 1088 3794 est.
1133 3730 1237 3793 'lertio

187 3842 255 3911 post
286 3852 417 3915 pugnarn
451 3835 501 3896 die
534 3833 687 3894 Antonius
720 3839 817 3893 castra
851 3832 888 3892 ad
915 3832 1037 3894 Actium
1072 3830 1236 3907 transtulit,

188 3933 287 3993 navali
320 3933 435 4011 praelio
467 3934 636 3995 decernere
669 3936 798 4009 paratus.
856 3929 1014 3993 Ducentae
1048 3937 1082 3991 et
1113 3930 1237 4010 triginta
