2634 4434
590 352 615 428 u

74 587 336 672 Gambaginensm,
358 605 469 652 sertus
484 589 554 670 liei,
567 591 719 672 ,satisfieri
740 609 835 673 super
855 593 914 656 boc
933 609 969 660 ro
990 597 1133 678 petiboni

73 707 139 754 sue
160 691 269 753 eadem
297 690 409 753 fiducia
437 709 498 772 quo
526 694 682 774 poposcit,
709 694 869 776 exigeret:
898 694 971 758 dedi
996 713 1133 778 operam,

75 797 108 853 et
133 792 284 872 meipsum
312 790 344 852 in
372 791 478 872 primis
504 791 689 858 conluuone
716 794 833 875 pressi,
865 795 919 858 oui
950 793 1134 878 plerunque

74 893 229 974 reputanti
265 910 356 974 supra
393 893 516 955 modum
548 896 770 959 examussim
801 897 999 976 presentium
1029 896 1134 968 clades

74 1000 247 1074 temporum
269 995 462 1080 ridebantur.
495 995 610 1058 llactus
626 997 709 1059 enim
724 1015 793 1060 sum
807 998 979 1078 prseteritos
995 997 1065 1062 dies
1087 993 1134 1082 [5]

72 1112 137 1156 non
161 1094 259 1158 solum
282 1113 372 1177 eque
393 1104 428 1158 at
449 1097 505 1160 los
525 1114 655 1180 graves,
684 1098 909 1160 verumetiam
936 1104 1022 1162 tanto
1042 1105 1133 1162 stro·

71 1197 143 1258 eius
173 1197 318 1273 miseros,
348 1205 464 1278 quanto
498 1198 621 1282 longius
653 1198 838 1262 inustio
864 1215 948 1262 vere
972 1197 1135 1281 religionis

70 1297 209 1359 alienos:
233 1305 267 1360 ut
290 1300 398 1362 nerito
420 1299 477 1362 boo
497 1302 687 1364 scrutatione
701 1299 858 1377 claruerit,
880 1315 1030 1382 regnasse
1045 1315 1133 1362 mor·

71 1405 136 1460 tom
161 1399 282 1462 avidam
304 1401 481 1483 sanguinis,
504 1402 576 1464 dum
599 1403 761 1484 ignoretur
780 1401 908 1482 religio,
934 1417 1004 1482 que
1024 1397 1134 1483 probi·

70 1499 210 1562 berete
240 1503 410 1583 sanguinet
444 1503 502 1566 ista
535 1503 753 1580 illucescente,
785 1501 868 1566 illam
900 1501 1132 1587 constupuisse:

70 1600 159 1664 illam
182 1600 336 1677 concludi,
358 1621 428 1664 cum
451 1605 508 1666 iste
526 1605 589 1685 jam
605 1602 761 1683 prevalet,
783 1601 865 1666 illam
880 1601 1004 1682 penitus
1017 1600 1133 1666 ndum

69 1702 222 1778 loturam,
246 1717 315 1761 cum
339 1699 406 1764 beo
425 1701 491 1764 sols
513 1703 663 1782 regnabit.
699 1703 845 1781 Exceptis
863 1700 1134 1764 videlicetsamo-

70 1805 178 1882 lisque
201 1801 262 1864 illis
285 1800 394 1864 diebus
417 1803 593 1866 novissimis
614 1801 673 1864 sub
701 1801 764 1864 line
789 1799 911 1878 secuti,
938 1806 972 1863 et
994 1800 1053 1864 sub
1075 1801 1135 1865 nd-

70 1903 228 1985 paritione
256 1901 451 1979 belletrudi,
485 1903 536 1966 vel
564 1905 655 1966 etiam
689 1903 747 1966 sub
777 1901 978 1966 conclusione
1005 1901 1134 1983 judicii:

71 2005 190 2086 quibus
214 2002 331 2066 tuturos
353 2005 521 2086 angustias,
544 2005 652 2086 quales
674 2010 746 2067 ante
766 2019 829 2066 non
844 2000 971 2081 luerint,
993 2003 1136 2067 dominas

73 2105 267 2168 CHRISTUS
290 2105 533 2186 perscripturus
554 2111 692 2183 sancias,
719 2122 776 2167 suo
796 2105 890 2167 etiam
912 2104 1137 2166 contestatione

72 2207 233 2288 predixit:
258 2225 327 2268 cum
353 2205 525 2269 secundum
554 2207 651 2287 ipsum
681 2206 823 2287 quidem,
852 2202 907 2284 qul
935 2211 1078 2266 elnone
1104 2210 1138 2267 et

74 2325 201 2386 semper
222 2315 285 2386 est,
308 2308 448 2394 modum,
476 2324 584 2369 verum
613 2307 769 2387 apertiore
794 2324 832 2368 oc
852 2304 998 2386 graviore
1018 2304 1134 2366 discri-

78 2408 177 2486 mine,
215 2427 269 2488 per
304 2407 515 2470 intolerabiles
552 2408 766 2470 tribulationes
798 2413 968 2484 temporum
1001 2403 1136 2480 illorum,

76 2517 207 2572 sanctos
222 2511 377 2590 probatio,
400 2511 517 2589 impios·
532 2509 664 2589 perditio
685 2511 904 2585 consequetur.
1025 2584 1028 2588 A

331 2822 333 2827 -
451 2757 760 2932 toputl
1091 2769 1138 2857 [u

83 2969 184 3038 Unde
205 2969 317 3037 ceteri
337 2967 501 3035 listovius
522 2966 642 3032 euorsi
662 2966 748 3053 siut,
781 2966 815 3029 et
839 2962 934 3030 uude
958 2961 1035 3044 lpse
1062 2977 1140 3028 eom

80 3073 254 3156 exordiri,
292 3074 530 3158 quatenusque
555 3066 723 3154 prosequi
747 3065 843 3144 uelit,
871 3061 1038 3129 ostendit:
1065 3062 1136 3130 ud-

131 3177 282 3242 uu'secus
303 3173 436 3240 iuterim
458 3172 501 3236 de
520 3171 642 3254 puluis
664 3165 873 3253 temporibus
893 3163 1099 3247 oriqitaequcg

362 3357 372 3372 ,
404 3292 470 3338 seu
490 3291 620 3340 corraso
640 3272 820 3336 malcrum.

169 3430 208 3492 Et
239 3431 384 3510 quoniam
419 3430 526 3490 onlnes
559 3423 780 3505 propemodum
812 3429 873 3484 tam
905 3417 986 3500 apud
1018 3415 1142 3482 Graeeos

82 3551 175 3616 quam
199 3533 279 3612 apud
305 3531 430 3592 Latinos
458 3527 587 3590 studiosi
615 3525 653 3588 ad
680 3525 877 3587 scribendum
904 3519 980 3599 viri,
1010 3519 1064 3600 qui
1091 3534 1142 3580 res

82 3641 188 3718 gestas
211 3649 319 3715 regum
343 3631 587 3713 populorumque
610 3628 649 3690 ob
673 3627 846 3689 diuturnam
870 3622 1048 3685 memoriam
1062 3634 1139 3681 rer-

84 3738 133 3799 bis
155 3741 413 3818 propagaverunt,
437 3733 556 3794 initium
579 3728 735 3790 scribendi
755 3725 867 3789 allino
882 3723 949 3787 Beli
971 3720 1045 3796 filio,
1066 3732 1143 3800 roqe

85 3839 296 3922 Assyriorum,
319 3835 439 3899 lacere:
465 3834 517 3916 qui
541 3850 610 3894 oum
633 3828 779 3910 opinione
800 3844 893 3888 caeca
915 3819 1021 3884 mundi
1040 3819 1147 3907 origi-¹

86 3959 158 4003 nem
181 3946 418 4020 creaturamque
441 3935 597 3998 bominum
618 3931 688 3994 sine
710 3929 799 3991 initio
821 3925 907 3987 credi
928 3920 1040 3998 uelint,
1063 3937 1142 3981 coe-

87 4044 170 4128 pisse
193 4049 296 4110 lemen
319 4040 356 4104 ab
379 4039 438 4102 boo
465 4051 562 4118 regna
586 4030 731 4110 bellaque
757 4025 923 4088 deliniunt:
953 4020 1042 4100 quasi
1068 4033 1145 4077 vero
