<?xml version="1.0" encoding="UTF-8"?>
<!DOCTYPE html PUBLIC "-//W3C//DTD XHTML 1.0 Transitional//EN"
    "http://www.w3.org/TR/xhtml1/DTD/xhtml1-transitional.dtd">
<html xmlns="http://www.w3.org/1999/xhtml" xml:lang="en" lang="en">
 <head>
  <title>
</title>
<meta http-equiv="Content-Type" content="text/html;charset=utf-8" />
  <meta name='ocr-system' content='tesseract 3.04.00' />
  <meta name='ocr-capabilities' content='ocr_page ocr_carea ocr_par ocr_line ocrx_word'/>
</head>
<body>
  <div class='ocr_page' id='page_1' title='image "./pauliorosiipres00havegoog_0039.png"; bbox 0 0 2634 4434; ppageno 0'>
   <div class='ocr_carea' id='block_1_1' title="bbox 700 313 747 384">
    <p class='ocr_par' dir='ltr' id='par_1_1' title="bbox 700 313 747 384">
     <span class='ocr_line' id='line_1_1' title="bbox 700 313 747 384; baseline 0.043 -2"><span class='ocrx_word' id='word_1_1' title='bbox 700 313 747 384; x_wconf 84' lang='lat'><strong>32</strong></span> 
     </span>
    </p>
   </div>
   <div class='ocr_carea' id='block_1_2' title="bbox 619 402 832 424">
    <p class='ocr_par' dir='ltr' id='par_1_2' title="bbox 619 402 832 424">
     <span class='ocr_line' id='line_1_2' title="bbox 619 402 832 424; baseline -0.005 -2"><span class='ocrx_word' id='word_1_2' title='bbox 619 402 832 424; x_wconf 41' lang='lat' dir='ltr'><strong>n--Am</strong></span> 
     </span>
    </p>
   </div>
   <div class='ocr_carea' id='block_1_3' title="bbox 109 528 1308 1929">
    <p class='ocr_par' dir='ltr' id='par_1_3' title="bbox 109 528 1308 1929">
     <span class='ocr_line' id='line_1_3' title="bbox 198 528 1255 626; baseline 0.004 -18"><span class='ocrx_word' id='word_1_3' title='bbox 198 528 353 608; x_wconf 84' lang='lat' dir='ltr'><strong>excidium</strong></span> <span class='ocrx_word' id='word_1_4' title='bbox 389 545 589 626; x_wconf 84' lang='lat' dir='ltr'><strong>praedicatur.</strong></span> <span class='ocrx_word' id='word_1_5' title='bbox 647 545 683 607; x_wconf 87' lang='lat' dir='ltr'><strong>in</strong></span> <span class='ocrx_word' id='word_1_6' title='bbox 715 561 779 625; x_wconf 92' lang='lat' dir='ltr'><strong>quo</strong></span> <span class='ocrx_word' id='word_1_7' title='bbox 811 542 895 608; x_wconf 85' lang='lat' dir='ltr'><strong>bello</strong></span> <span class='ocrx_word' id='word_1_8' title='bbox 926 561 982 624; x_wconf 89' lang='lat' dir='ltr'><strong>per</strong></span> <span class='ocrx_word' id='word_1_9' title='bbox 1014 545 1122 609; x_wconf 85' lang='lat' dir='ltr'><strong>decem</strong></span> <span class='ocrx_word' id='word_1_10' title='bbox 1155 565 1255 612; x_wconf 92' lang='lat' dir='ltr'><strong>annos</strong></span> 
     </span>
     <span class='ocr_line' id='line_1_4' title="bbox 199 644 1254 729; baseline 0.003 -21"><span class='ocrx_word' id='word_1_11' title='bbox 199 644 413 708; x_wconf 86' lang='lat' dir='ltr'><strong>cruentissime</strong></span> <span class='ocrx_word' id='word_1_12' title='bbox 448 651 552 726; x_wconf 82' lang='lat' dir='ltr'><strong>gesto,</strong></span> <span class='ocrx_word' id='word_1_13' title='bbox 590 663 667 724; x_wconf 89' lang='lat' dir='ltr'><strong>quas</strong></span> <span class='ocrx_word' id='word_1_14' title='bbox 702 647 858 722; x_wconf 88' lang='lat' dir='ltr'><strong>nationes,</strong></span> <span class='ocrx_word' id='word_1_15' title='bbox 896 652 1090 727; x_wconf 90' lang='lat' dir='ltr'><strong>quantosque</strong></span> <span class='ocrx_word' id='word_1_16' title='bbox 1122 649 1254 729; x_wconf 80' lang='lat' dir='ltr'><strong>populos</strong></span> 
     </span>
     <span class='ocr_line' id='line_1_5' title="bbox 196 743 1255 828; baseline 0.005 -24"><span class='ocrx_word' id='word_1_17' title='bbox 196 743 279 808; x_wconf 90' lang='lat' dir='ltr'><strong>idem</strong></span> <span class='ocrx_word' id='word_1_18' title='bbox 301 744 391 808; x_wconf 87' lang='lat' dir='ltr'><strong>turbo</strong></span> <span class='ocrx_word' id='word_1_19' title='bbox 413 743 589 822; x_wconf 85' lang='lat' dir='ltr'><strong>involverit,</strong></span> <span class='ocrx_word' id='word_1_20' title='bbox 611 753 705 826; x_wconf 89' lang='lat' dir='ltr'><strong>atque</strong></span> <span class='ocrx_word' id='word_1_21' title='bbox 726 743 889 824; x_wconf 84' lang='lat' dir='ltr'><strong>adflixerit,</strong></span> <span class='ocrx_word' id='word_1_22' title='bbox 911 745 1063 810; x_wconf 81' lang='lat' dir='ltr'><strong>Homerus</strong></span> <span class='ocrx_word' id='word_1_23' title='bbox 1089 755 1194 828; x_wconf 82' lang='lat' dir='ltr'><strong>poeta,</strong></span> <span class='ocrx_word' id='word_1_24' title='bbox 1223 751 1255 811; x_wconf 92' lang='lat' dir='ltr'><strong>in</strong></span> 
     </span>
     <span class='ocr_line' id='line_1_6' title="bbox 196 843 1256 929; baseline 0.005 -24"><span class='ocrx_word' id='word_1_25' title='bbox 196 844 303 923; x_wconf 89' lang='lat' dir='ltr'><strong>primis</strong></span> <span class='ocrx_word' id='word_1_26' title='bbox 324 844 436 922; x_wconf 88' lang='lat' dir='ltr'><strong>clarus,</strong></span> <span class='ocrx_word' id='word_1_27' title='bbox 459 843 703 909; x_wconf 89' lang='lat' dir='ltr'><strong>luculentissimo</strong></span> <span class='ocrx_word' id='word_1_28' title='bbox 724 845 861 908; x_wconf 80' lang='lat' dir='ltr'><strong>carmine</strong></span> <span class='ocrx_word' id='word_1_29' title='bbox 881 845 980 924; x_wconf 89' lang='lat' dir='ltr'><strong>palam</strong></span> <span class='ocrx_word' id='word_1_30' title='bbox 1002 845 1092 910; x_wconf 86' lang='lat' dir='ltr'><strong>iecit:</strong></span> <span class='ocrx_word' id='word_1_31' title='bbox 1116 865 1176 910; x_wconf 88' lang='lat' dir='ltr'><strong>nee</strong></span> <span class='ocrx_word' id='word_1_32' title='bbox 1198 865 1256 929; x_wconf 89' lang='lat' dir='ltr'><strong>per</strong></span> 
     </span>
     <span class='ocr_line' id='line_1_7' title="bbox 197 944 1255 1030; baseline 0.005 -26"><span class='ocrx_word' id='word_1_33' title='bbox 197 944 336 1007; x_wconf 83' lang='lat' dir='ltr'>ordinem</span> <span class='ocrx_word' id='word_1_34' title='bbox 359 961 443 1006; x_wconf 91' lang='lat' dir='ltr'><strong>nunc</strong></span> <span class='ocrx_word' id='word_1_35' title='bbox 464 951 607 1007; x_wconf 87' lang='lat' dir='ltr'><strong>retexere</strong></span> <span class='ocrx_word' id='word_1_36' title='bbox 629 952 766 1007; x_wconf 92' lang='lat' dir='ltr'><strong>nostrum</strong></span> <span class='ocrx_word' id='word_1_37' title='bbox 789 951 847 1022; x_wconf 89' lang='lat' dir='ltr'><strong>cst,</strong></span> <span class='ocrx_word' id='word_1_38' title='bbox 870 947 942 1025; x_wconf 92' lang='lat' dir='ltr'><strong>quia</strong></span> <span class='ocrx_word' id='word_1_39' title='bbox 964 953 996 1008; x_wconf 89' lang='lat' dir='ltr'><strong>et</strong></span> <span class='ocrx_word' id='word_1_40' title='bbox 1017 949 1104 1027; x_wconf 90' lang='lat' dir='ltr'><strong>operi</strong></span> <span class='ocrx_word' id='word_1_41' title='bbox 1126 947 1255 1030; x_wconf 89' lang='lat' dir='ltr'><strong>longum</strong></span> 
     </span>
     <span class='ocr_line' id='line_1_8' title="bbox 198 1037 1254 1127; baseline 0.004 -21"><span class='ocrx_word' id='word_1_42' title='bbox 198 1037 263 1126; x_wconf 78' lang='lat'>[71]</span> <span class='ocrx_word' id='word_1_43' title='bbox 290 1051 321 1107; x_wconf 92' lang='lat' dir='ltr'><strong>et</strong></span> <span class='ocrx_word' id='word_1_44' title='bbox 343 1046 484 1110; x_wconf 88' lang='lat' dir='ltr'><strong>omnibus</strong></span> <span class='ocrx_word' id='word_1_45' title='bbox 506 1053 611 1108; x_wconf 91' lang='lat' dir='ltr'><strong>notum</strong></span> <span class='ocrx_word' id='word_1_46' title='bbox 634 1046 764 1109; x_wconf 85' lang='lat' dir='ltr'><strong>videtur.</strong></span> <span class='ocrx_word' id='word_1_47' title='bbox 808 1044 1026 1108; x_wconf 72' lang='lat' dir='ltr'><strong>Verumtamen</strong></span> <span class='ocrx_word' id='word_1_48' title='bbox 1048 1048 1102 1127; x_wconf 93' lang='lat' dir='ltr'><strong>qui</strong></span> <span class='ocrx_word' id='word_1_49' title='bbox 1125 1048 1254 1110; x_wconf 90' lang='lat' dir='ltr'><strong>diutur-</strong></span> 
     </span>
     <span class='ocr_line' id='line_1_9' title="bbox 196 1143 1254 1228; baseline 0.006 -24"><span class='ocrx_word' id='word_1_50' title='bbox 196 1143 323 1207; x_wconf 84' lang='lat' dir='ltr'><strong>nitatem</strong></span> <span class='ocrx_word' id='word_1_51' title='bbox 356 1146 438 1208; x_wconf 91' lang='lat' dir='ltr'><strong>illius</strong></span> <span class='ocrx_word' id='word_1_52' title='bbox 466 1146 652 1224; x_wconf 86' lang='lat' dir='ltr'>obsidionis,</span> <span class='ocrx_word' id='word_1_53' title='bbox 682 1147 852 1208; x_wconf 86' lang='lat' dir='ltr'>eversionis</span> <span class='ocrx_word' id='word_1_54' title='bbox 885 1148 1091 1228; x_wconf 74' lang='lat' dir='ltr'><strong>atrocitatem,</strong></span> <span class='ocrx_word' id='word_1_55' title='bbox 1125 1149 1254 1210; x_wconf 87' lang='lat' dir='ltr'><strong>caedem</strong></span> 
     </span>
     <span class='ocr_line' id='line_1_10' title="bbox 197 1243 1254 1328; baseline 0.006 -24"><span class='ocrx_word' id='word_1_56' title='bbox 197 1245 466 1328; x_wconf 83' lang='lat' dir='ltr'><strong>captivitatemque</strong></span> <span class='ocrx_word' id='word_1_57' title='bbox 489 1248 677 1324; x_wconf 86' lang='lat' dir='ltr'><strong>didicerunt,</strong></span> <span class='ocrx_word' id='word_1_58' title='bbox 699 1246 840 1323; x_wconf 88' lang='lat' dir='ltr'><strong>videant,</strong></span> <span class='ocrx_word' id='word_1_59' title='bbox 864 1243 1008 1326; x_wconf 90' lang='lat' dir='ltr'><strong>(sirecte</strong></span> <span class='ocrx_word' id='word_1_60' title='bbox 1031 1248 1106 1326; x_wconf 90' lang='lat' dir='ltr'><strong>isto,</strong></span> <span class='ocrx_word' id='word_1_61' title='bbox 1129 1249 1254 1328; x_wconf 87' lang='lat' dir='ltr'><strong>qualis-</strong></span> 
     </span>
     <span class='ocr_line' id='line_1_11' title="bbox 198 1345 1254 1429; baseline 0.008 -25"><span class='ocrx_word' id='word_1_62' title='bbox 198 1361 322 1424; x_wconf 83' lang='lat' dir='ltr'><strong>cunque</strong></span> <span class='ocrx_word' id='word_1_63' title='bbox 349 1353 411 1426; x_wconf 88' lang='lat' dir='ltr'><strong>est,</strong></span> <span class='ocrx_word' id='word_1_64' title='bbox 441 1348 610 1427; x_wconf 90' lang='lat' dir='ltr'><strong>praesentis</strong></span> <span class='ocrx_word' id='word_1_65' title='bbox 637 1347 782 1426; x_wconf 91' lang='lat' dir='ltr'><strong>temporis</strong></span> <span class='ocrx_word' id='word_1_66' title='bbox 814 1354 896 1409; x_wconf 91' lang='lat' dir='ltr'><strong>statu</strong></span> <span class='ocrx_word' id='word_1_67' title='bbox 929 1345 1139 1428; x_wconf 83' lang='lat' dir='ltr'><strong>offenduntur)</strong></span> <span class='ocrx_word' id='word_1_68' title='bbox 1174 1366 1254 1429; x_wconf 92' lang='lat' dir='ltr'><strong>quos</strong></span> 
     </span>
     <span class='ocr_line' id='line_1_12' title="bbox 109 1439 1254 1526; baseline 0.005 -22"><span class='ocrx_word' id='word_1_69' title='bbox 109 1439 116 1454; x_wconf 88' lang='lat'><em>&#39;</em></span> <span class='ocrx_word' id='word_1_70' title='bbox 197 1441 319 1523; x_wconf 91' lang='lat' dir='ltr'><strong>hostes,</strong></span> <span class='ocrx_word' id='word_1_71' title='bbox 351 1447 471 1510; x_wconf 87' lang='lat' dir='ltr'><strong>occulta</strong></span> <span class='ocrx_word' id='word_1_72' title='bbox 498 1447 707 1510; x_wconf 89' lang='lat' dir='ltr'><strong>misericordia</strong></span> <span class='ocrx_word' id='word_1_73' title='bbox 733 1447 807 1524; x_wconf 89' lang='lat' dir='ltr'><strong>Dei,</strong></span> <span class='ocrx_word' id='word_1_74' title='bbox 836 1465 906 1508; x_wconf 91' lang='lat' dir='ltr'><strong>curn</strong></span> <span class='ocrx_word' id='word_1_75' title='bbox 932 1464 989 1526; x_wconf 91' lang='lat' dir='ltr'><strong>per</strong></span> <span class='ocrx_word' id='word_1_76' title='bbox 1016 1463 1123 1508; x_wconf 91' lang='lat' dir='ltr'><strong>omnes</strong></span> <span class='ocrx_word' id='word_1_77' title='bbox 1151 1455 1254 1510; x_wconf 90' lang='lat' dir='ltr'><strong>terras</strong></span> 
     </span>
     <span class='ocr_line' id='line_1_13' title="bbox 198 1543 1253 1628; baseline 0.006 -24"><span class='ocrx_word' id='word_1_78' title='bbox 198 1543 356 1607; x_wconf 88' lang='lat' dir='ltr'><strong>instructis</strong></span> <span class='ocrx_word' id='word_1_79' title='bbox 378 1546 474 1627; x_wconf 90' lang='lat' dir='ltr'><strong>copiis</strong></span> <span class='ocrx_word' id='word_1_80' title='bbox 496 1547 578 1610; x_wconf 85' lang='lat' dir='ltr'><strong>helio</strong></span> <span class='ocrx_word' id='word_1_81' title='bbox 600 1548 745 1627; x_wconf 83' lang='lat' dir='ltr'><strong>persequi</strong></span> <span class='ocrx_word' id='word_1_82' title='bbox 767 1548 899 1627; x_wconf 89' lang='lat' dir='ltr'><strong>possint,</strong></span> <span class='ocrx_word' id='word_1_83' title='bbox 927 1547 1011 1626; x_wconf 91' lang='lat' dir='ltr'><strong>pacis</strong></span> <span class='ocrx_word' id='word_1_84' title='bbox 1036 1548 1134 1628; x_wconf 81' lang='lat' dir='ltr'><strong>gratia</strong></span> <span class='ocrx_word' id='word_1_85' title='bbox 1155 1567 1253 1627; x_wconf 90' lang='lat' dir='ltr'><strong>prae-</strong></span> 
     </span>
     <span class='ocr_line' id='line_1_14' title="bbox 198 1628 1253 1730; baseline 0.005 -26"><span class='ocrx_word' id='word_1_86' title='bbox 198 1644 292 1709; x_wconf 84' lang='lat' dir='ltr'><strong>tomis</strong></span> <span class='ocrx_word' id='word_1_87' title='bbox 315 1645 472 1710; x_wconf 88' lang='lat' dir='ltr'><strong>obsidibus</strong></span> <span class='ocrx_word' id='word_1_88' title='bbox 490 1628 555 1730; x_wconf 43' lang='lat' dir='ltr'><strong>‘per</strong></span> <span class='ocrx_word' id='word_1_89' title='bbox 581 1649 683 1711; x_wconf 91' lang='lat' dir='ltr'><strong>omnia</strong></span> <span class='ocrx_word' id='word_1_90' title='bbox 709 1648 803 1709; x_wconf 90' lang='lat' dir='ltr'><strong>maria</strong></span> <span class='ocrx_word' id='word_1_91' title='bbox 829 1653 1018 1726; x_wconf 89' lang='lat' dir='ltr'><strong>sequuntur:</strong></span> <span class='ocrx_word' id='word_1_92' title='bbox 1047 1653 1079 1708; x_wconf 88' lang='lat' dir='ltr'><strong>et</strong></span> <span class='ocrx_word' id='word_1_93' title='bbox 1104 1665 1145 1708; x_wconf 91' lang='lat' dir='ltr'><strong>ne</strong></span> <span class='ocrx_word' id='word_1_94' title='bbox 1172 1647 1253 1710; x_wconf 81' lang='lat' dir='ltr'><strong>sorte</strong></span> 
     </span>
     <span class='ocr_line' id='line_1_15' title="bbox 198 1739 1308 1837; baseline 0.005 -33"><span class='ocrx_word' id='word_1_95' title='bbox 198 1741 275 1806; x_wconf 86' lang='lat' dir='ltr'><strong>haec</strong></span> <span class='ocrx_word' id='word_1_96' title='bbox 298 1748 410 1826; x_wconf 91' lang='lat' dir='ltr'><strong>quietis</strong></span> <span class='ocrx_word' id='word_1_97' title='bbox 438 1766 542 1811; x_wconf 88' lang='lat' dir='ltr'><strong>amore</strong></span> <span class='ocrx_word' id='word_1_98' title='bbox 569 1746 673 1810; x_wconf 83' lang='lat' dir='ltr'><strong>facere</strong></span> <span class='ocrx_word' id='word_1_99' title='bbox 701 1739 880 1823; x_wconf 84' lang='lat' dir='ltr'><strong>credantur,</strong></span> <span class='ocrx_word' id='word_1_100' title='bbox 907 1748 1026 1827; x_wconf 90' lang='lat' dir='ltr'><strong>seipsos</strong></span> <span class='ocrx_word' id='word_1_101' title='bbox 1052 1764 1088 1808; x_wconf 90' lang='lat' dir='ltr'><strong>ac</strong></span> <span class='ocrx_word' id='word_1_102' title='bbox 1114 1749 1252 1827; x_wconf 84' lang='lat' dir='ltr'><strong>pericula</strong></span> <span class='ocrx_word' id='word_1_103' title='bbox 1307 1756 1308 1837; x_wconf 53' lang='lat' dir='ltr'><strong>p</strong></span> 
     </span>
     <span class='ocr_line' id='line_1_16' title="bbox 199 1847 1250 1929; baseline 0.007 -25"><span class='ocrx_word' id='word_1_104' title='bbox 199 1861 253 1906; x_wconf 90' lang='lat' dir='ltr'><strong>sua</strong></span> <span class='ocrx_word' id='word_1_105' title='bbox 276 1864 331 1926; x_wconf 89' lang='lat' dir='ltr'><strong>pro</strong></span> <span class='ocrx_word' id='word_1_106' title='bbox 353 1848 558 1911; x_wconf 86' lang='lat' dir='ltr'><strong>Romanorum</strong></span> <span class='ocrx_word' id='word_1_107' title='bbox 580 1865 656 1928; x_wconf 91' lang='lat' dir='ltr'><strong>pace</strong></span> <span class='ocrx_word' id='word_1_108' title='bbox 683 1848 832 1910; x_wconf 85' lang='lat' dir='ltr'><strong>adversus</strong></span> <span class='ocrx_word' id='word_1_109' title='bbox 859 1847 934 1910; x_wconf 90' lang='lat' dir='ltr'><strong>alias</strong></span> <span class='ocrx_word' id='word_1_110' title='bbox 966 1855 1077 1929; x_wconf 82' lang='lat' dir='ltr'><strong>gentes</strong></span> <span class='ocrx_word' id='word_1_111' title='bbox 1109 1847 1250 1925; x_wconf 77' lang='lat' dir='ltr'><strong>afferunt.</strong></span> 
     </span>
    </p>
   </div>
   <div class='ocr_carea' id='block_1_4' title="bbox 199 2069 929 2212">
    <p class='ocr_par' dir='ltr' id='par_1_4' title="bbox 199 2069 929 2212">
     <span class='ocr_line' id='line_1_17' title="bbox 199 2069 929 2212; baseline -0.007 -31"><span class='ocrx_word' id='word_1_112' title='bbox 199 2095 263 2186; x_wconf 79' lang='lat' dir='ltr'><strong>nn</strong></span> <span class='ocrx_word' id='word_1_113' title='bbox 508 2070 707 2212; x_wconf 74' lang='lat' dir='ltr'><strong>iiapnt</strong></span> <span class='ocrx_word' id='word_1_114' title='bbox 761 2069 929 2179; x_wconf 75' lang='lat' dir='ltr'>xiiii.</span> 
     </span>
    </p>
   </div>
   <div class='ocr_carea' id='block_1_5' title="bbox 197 2244 1307 2435">
    <p class='ocr_par' dir='ltr' id='par_1_5' title="bbox 197 2244 1307 2435">
     <span class='ocr_line' id='line_1_18' title="bbox 197 2244 1307 2332; baseline -0.001 -22"><span class='ocrx_word' id='word_1_115' title='bbox 197 2244 339 2313; x_wconf 81' lang='lat' dir='ltr'><strong>Aeneae</strong></span> <span class='ocrx_word' id='word_1_116' title='bbox 352 2247 389 2314; x_wconf 84' lang='lat' dir='ltr'><strong>in</strong></span> <span class='ocrx_word' id='word_1_117' title='bbox 402 2245 541 2316; x_wconf 84' lang='lat' dir='ltr'><strong>Italiam</strong></span> <span class='ocrx_word' id='word_1_118' title='bbox 562 2251 742 2332; x_wconf 81' lang='lat' dir='ltr'><strong>adeantur,</strong></span> <span class='ocrx_word' id='word_1_119' title='bbox 765 2253 798 2314; x_wconf 85' lang='lat' dir='ltr'><strong>et</strong></span> <span class='ocrx_word' id='word_1_120' title='bbox 817 2249 939 2314; x_wconf 77' lang='lat' dir='ltr'><strong>antioc</strong></span> <span class='ocrx_word' id='word_1_121' title='bbox 959 2247 1076 2313; x_wconf 78' lang='lat' dir='ltr'><strong>aledea</strong></span> <span class='ocrx_word' id='word_1_122' title='bbox 1097 2245 1249 2328; x_wconf 59' lang='lat' dir='ltr'><strong>mandene</strong></span> <span class='ocrx_word' id='word_1_123' title='bbox 1306 2316 1307 2319; x_wconf 8' lang='grc' dir='ltr'><strong>Ἴ</strong></span> 
     </span>
     <span class='ocr_line' id='line_1_19' title="bbox 638 2353 1307 2435; baseline -0.003 -19"><span class='ocrx_word' id='word_1_124' title='bbox 638 2353 813 2435; x_wconf 75' lang='lat' dir='ltr'><strong>temporie.</strong></span> <span class='ocrx_word' id='word_1_125' title='bbox 1306 2370 1307 2379; x_wconf 55' lang='lat'>¹</span> 
     </span>
    </p>
   </div>
   <div class='ocr_carea' id='block_1_6' title="bbox 196 2471 1306 3360">
    <p class='ocr_par' dir='ltr' id='par_1_6' title="bbox 196 2471 1306 3360">
     <span class='ocr_line' id='line_1_20' title="bbox 281 2471 1249 2557; baseline -0.005 -21"><span class='ocrx_word' id='word_1_126' title='bbox 281 2473 389 2540; x_wconf 85' lang='lat' dir='ltr'><strong>Paucis</strong></span> <span class='ocrx_word' id='word_1_127' title='bbox 411 2485 570 2557; x_wconf 88' lang='lat' dir='ltr'><strong>praeterea</strong></span> <span class='ocrx_word' id='word_1_128' title='bbox 593 2480 683 2540; x_wconf 91' lang='lat' dir='ltr'><strong>annis</strong></span> <span class='ocrx_word' id='word_1_129' title='bbox 704 2475 995 2551; x_wconf 85' lang='lat' dir='ltr'><strong>intervenientibus,</strong></span> <span class='ocrx_word' id='word_1_130' title='bbox 1011 2473 1149 2549; x_wconf 79' lang='lat' dir='ltr'><strong>Aeneae,</strong></span> <span class='ocrx_word' id='word_1_131' title='bbox 1162 2471 1249 2551; x_wconf 83' lang='lat' dir='ltr'><strong>Troja</strong></span> 
     </span>
     <span class='ocr_line' id='line_1_21' title="bbox 198 2572 1249 2658; baseline -0.005 -22"><span class='ocrx_word' id='word_1_132' title='bbox 198 2573 331 2656; x_wconf 75' lang='lat' dir='ltr'><strong>profugi,</strong></span> <span class='ocrx_word' id='word_1_133' title='bbox 355 2577 505 2640; x_wconf 85' lang='lat' dir='ltr'><strong>adventus</strong></span> <span class='ocrx_word' id='word_1_134' title='bbox 528 2580 559 2640; x_wconf 87' lang='lat' dir='ltr'><strong>in</strong></span> <span class='ocrx_word' id='word_1_135' title='bbox 582 2579 698 2640; x_wconf 89' lang='lat' dir='ltr'><strong>ltaliam</strong></span> <span class='ocrx_word' id='word_1_136' title='bbox 723 2596 802 2658; x_wconf 92' lang='lat' dir='ltr'><strong>quae</strong></span> <span class='ocrx_word' id='word_1_137' title='bbox 817 2595 900 2640; x_wconf 91' lang='lat' dir='ltr'><strong>arma</strong></span> <span class='ocrx_word' id='word_1_138' title='bbox 916 2574 1126 2651; x_wconf 87' lang='lat' dir='ltr'><strong>commoverit,</strong></span> <span class='ocrx_word' id='word_1_139' title='bbox 1149 2572 1249 2652; x_wconf 88' lang='lat' dir='ltr'><strong>quaiia</strong></span> 
     </span>
     <span class='ocr_line' id='line_1_22' title="bbox 197 2673 1249 2758; baseline -0.006 -20"><span class='ocrx_word' id='word_1_140' title='bbox 197 2692 253 2754; x_wconf 87' lang='lat' dir='ltr'><strong>per</strong></span> <span class='ocrx_word' id='word_1_141' title='bbox 268 2676 434 2738; x_wconf 87' lang='lat' dir='ltr'><strong>triennium</strong></span> <span class='ocrx_word' id='word_1_142' title='bbox 450 2676 530 2739; x_wconf 88' lang='lat' dir='ltr'><strong>belia</strong></span> <span class='ocrx_word' id='word_1_143' title='bbox 546 2678 738 2754; x_wconf 84' lang='lat' dir='ltr'><strong>excitaverit,</strong></span> <span class='ocrx_word' id='word_1_144' title='bbox 762 2685 893 2758; x_wconf 91' lang='lat' dir='ltr'><strong>quantos</strong></span> <span class='ocrx_word' id='word_1_145' title='bbox 913 2677 1042 2757; x_wconf 87' lang='lat' dir='ltr'><strong>populos</strong></span> <span class='ocrx_word' id='word_1_146' title='bbox 1064 2673 1249 2754; x_wconf 88' lang='lat' dir='ltr'><strong>inplicuerit‚</strong></span> 
     </span>
     <span class='ocr_line' id='line_1_23' title="bbox 198 2772 1306 2858; baseline -0.004 -22"><span class='ocrx_word' id='word_1_147' title='bbox 198 2775 270 2838; x_wconf 86' lang='lat' dir='ltr'><strong>odio</strong></span> <span class='ocrx_word' id='word_1_148' title='bbox 293 2775 477 2855; x_wconf 87' lang='lat' dir='ltr'><strong>excidioque</strong></span> <span class='ocrx_word' id='word_1_149' title='bbox 499 2775 669 2855; x_wconf 87' lang='lat' dir='ltr'><strong>adflixerit,</strong></span> <span class='ocrx_word' id='word_1_150' title='bbox 698 2777 763 2839; x_wconf 87' lang='lat' dir='ltr'><strong>iudi</strong></span> <span class='ocrx_word' id='word_1_151' title='bbox 785 2778 925 2841; x_wconf 86' lang='lat' dir='ltr'><strong>litterarii</strong></span> <span class='ocrx_word' id='word_1_152' title='bbox 948 2777 1107 2858; x_wconf 89' lang='lat' dir='ltr'><strong>disciplina</strong></span> <span class='ocrx_word' id='word_1_153' title='bbox 1129 2780 1251 2834; x_wconf 89' lang='lat' dir='ltr'><strong>nostrae</strong></span> <span class='ocrx_word' id='word_1_154' title='bbox 1305 2772 1306 2775; x_wconf 73' lang='grc'>’</span> 
     </span>
     <span class='ocr_line' id='line_1_24' title="bbox 196 2877 1251 2959; baseline -0.005 -22"><span class='ocrx_word' id='word_1_155' title='bbox 196 2893 322 2956; x_wconf 92' lang='lat' dir='ltr'><strong>quoquc</strong></span> <span class='ocrx_word' id='word_1_156' title='bbox 338 2877 504 2938; x_wconf 89' lang='lat' dir='ltr'><strong>memoriae</strong></span> <span class='ocrx_word' id='word_1_157' title='bbox 520 2878 654 2939; x_wconf 88' lang='lat' dir='ltr'><strong>inustum</strong></span> <span class='ocrx_word' id='word_1_158' title='bbox 671 2884 725 2941; x_wconf 86' lang='lat' dir='ltr'><strong>est.</strong></span> <span class='ocrx_word' id='word_1_159' title='bbox 762 2878 877 2940; x_wconf 89' lang='lat' dir='ltr'><strong>Horum</strong></span> <span class='ocrx_word' id='word_1_160' title='bbox 900 2885 1059 2959; x_wconf 90' lang='lat' dir='ltr'><strong>practerea</strong></span> <span class='ocrx_word' id='word_1_161' title='bbox 1080 2883 1251 2954; x_wconf 90' lang='lat' dir='ltr'><strong>temporum</strong></span> 
     </span>
     <span class='ocr_line' id='line_1_25' title="bbox 197 2974 1251 3062; baseline -0.001 -27"><span class='ocrx_word' id='word_1_162' title='bbox 197 2976 299 3038; x_wconf 90' lang='lat' dir='ltr'><strong>medio</strong></span> <span class='ocrx_word' id='word_1_163' title='bbox 315 2977 497 3056; x_wconf 73' lang='lat' dir='ltr'><strong>interjacent</strong></span> <span class='ocrx_word' id='word_1_164' title='bbox 511 2976 619 3039; x_wconf 85' lang='lat' dir='ltr'><strong>exsilia</strong></span> <span class='ocrx_word' id='word_1_165' title='bbox 635 2978 858 3062; x_wconf 79' lang='lat' dir='ltr'><strong>naufragiaque</strong></span> <span class='ocrx_word' id='word_1_166' title='bbox 874 2977 1072 3053; x_wconf 89' lang='lat' dir='ltr'><strong>Graecorum,</strong></span> <span class='ocrx_word' id='word_1_167' title='bbox 1094 2974 1251 3053; x_wconf 86' lang='lat' dir='ltr'><strong>Pelopon-</strong></span> 
     </span>
     <span class='ocr_line' id='line_1_26' title="bbox 197 3075 1250 3160; baseline 0 -25"><span class='ocrx_word' id='word_1_168' title='bbox 197 3076 339 3136; x_wconf 92' lang='lat' dir='ltr'><strong>nensium</strong></span> <span class='ocrx_word' id='word_1_169' title='bbox 367 3078 470 3140; x_wconf 72' lang='lat' dir='ltr'><strong>andes</strong></span> <span class='ocrx_word' id='word_1_170' title='bbox 498 3077 597 3140; x_wconf 86' lang='lat' dir='ltr'><strong>Codro</strong></span> <span class='ocrx_word' id='word_1_171' title='bbox 625 3079 792 3157; x_wconf 89' lang='lat' dir='ltr'><strong>moriente,</strong></span> <span class='ocrx_word' id='word_1_172' title='bbox 820 3078 952 3141; x_wconf 87' lang='lat' dir='ltr'><strong>satorum</strong></span> <span class='ocrx_word' id='word_1_173' title='bbox 979 3078 1079 3160; x_wconf 82' lang='lat' dir='ltr'><strong>ignari</strong></span> <span class='ocrx_word' id='word_1_174' title='bbox 1106 3075 1250 3150; x_wconf 86' lang='lat' dir='ltr'><strong>Thraces,</strong></span> 
     </span>
     <span class='ocr_line' id='line_1_27' title="bbox 197 3175 1251 3262; baseline -0.002 -26"><span class='ocrx_word' id='word_1_175' title='bbox 197 3193 278 3239; x_wconf 82' lang='lat' dir='ltr'><strong>nora</strong></span> <span class='ocrx_word' id='word_1_176' title='bbox 300 3178 331 3238; x_wconf 95' lang='lat' dir='ltr'><strong>in</strong></span> <span class='ocrx_word' id='word_1_177' title='bbox 353 3178 435 3242; x_wconf 87' lang='lat' dir='ltr'><strong>helia</strong></span> <span class='ocrx_word' id='word_1_178' title='bbox 457 3186 631 3262; x_wconf 82' lang='lat' dir='ltr'><strong>surgentes,</strong></span> <span class='ocrx_word' id='word_1_179' title='bbox 655 3187 687 3241; x_wconf 91' lang='lat' dir='ltr'><strong>et</strong></span> <span class='ocrx_word' id='word_1_180' title='bbox 708 3179 864 3260; x_wconf 82' lang='lat' dir='ltr'><strong>generalis</strong></span> <span class='ocrx_word' id='word_1_181' title='bbox 880 3186 954 3240; x_wconf 87' lang='lat' dir='ltr'><strong>tunc</strong></span> <span class='ocrx_word' id='word_1_182' title='bbox 969 3183 1132 3258; x_wconf 83' lang='lat' dir='ltr'><strong>pertatem</strong></span> <span class='ocrx_word' id='word_1_183' title='bbox 1147 3175 1251 3236; x_wconf 84' lang='lat' dir='ltr'><strong>Asiam</strong></span> 
     </span>
     <span class='ocr_line' id='line_1_28' title="bbox 199 3275 615 3360; baseline 0.012 -23"><span class='ocrx_word' id='word_1_184' title='bbox 199 3275 420 3360; x_wconf 86' lang='lat' dir='ltr'><strong>Graeciamque</strong></span> <span class='ocrx_word' id='word_1_185' title='bbox 443 3281 615 3343; x_wconf 84' lang='lat' dir='ltr'><strong>commotio.</strong></span> 
     </span>
    </p>
   </div>
   <div class='ocr_carea' id='block_1_7' title="bbox 200 3461 912 3603">
    <p class='ocr_par' dir='ltr' id='par_1_7' title="bbox 200 3386 1305 3635">
     <span class='ocr_line' id='line_1_29' title="bbox 200 3461 912 3603; baseline -0.01 -25"><span class='ocrx_word' id='word_1_186' title='bbox 200 3491 264 3578; x_wconf 66' lang='lat' dir='ltr'><strong>[aa]</strong></span> <span class='ocrx_word' id='word_1_187' title='bbox 528 3463 730 3603; x_wconf 75' lang='lat' dir='ltr'><strong>caput</strong></span> <span class='ocrx_word' id='word_1_188' title='bbox 784 3461 912 3571; x_wconf 80' lang='lat' dir='ltr'><strong>nix.</strong></span> 
     </span>
    </p>
   </div>
   <div class='ocr_carea' id='block_1_8' title="bbox 198 3633 1305 3833">
    <p class='ocr_par' dir='ltr' id='par_1_8' title="bbox 198 3633 1305 3833">
     <span class='ocr_line' id='line_1_30' title="bbox 198 3633 1305 3727; baseline -0.002 -25"><span class='ocrx_word' id='word_1_189' title='bbox 198 3634 254 3704; x_wconf 88' lang='lat' dir='ltr'><strong>De</strong></span> <span class='ocrx_word' id='word_1_190' title='bbox 269 3633 514 3724; x_wconf 73' lang='lat' dir='ltr'><strong>Sardanapalo</strong></span> <span class='ocrx_word' id='word_1_191' title='bbox 527 3661 609 3727; x_wconf 74' lang='lat' dir='ltr'><strong>repe</strong></span> <span class='ocrx_word' id='word_1_192' title='bbox 619 3639 856 3727; x_wconf 67' lang='lat' dir='ltr'><strong>Assyriorum,</strong></span> <span class='ocrx_word' id='word_1_193' title='bbox 870 3641 914 3706; x_wconf 80' lang='lat' dir='ltr'><strong>de</strong></span> <span class='ocrx_word' id='word_1_194' title='bbox 924 3638 1108 3718; x_wconf 76' lang='lat' dir='ltr'><strong>Phanoria,</strong></span> <span class='ocrx_word' id='word_1_195' title='bbox 1122 3634 1253 3722; x_wconf 79' lang='lat' dir='ltr'><strong>Diocle,</strong></span> <span class='ocrx_word' id='word_1_196' title='bbox 1304 3638 1305 3653; x_wconf 63' lang='lat'>¹</span> 
     </span>
     <span class='ocr_line' id='line_1_31' title="bbox 198 3736 1253 3833; baseline -0.005 -27"><span class='ocrx_word' id='word_1_197' title='bbox 198 3744 234 3806; x_wconf 84' lang='lat' dir='ltr'><strong>et</strong></span> <span class='ocrx_word' id='word_1_198' title='bbox 246 3738 398 3827; x_wconf 72' lang='lat' dir='ltr'><strong>Astpaqe</strong></span> <span class='ocrx_word' id='word_1_199' title='bbox 417 3743 556 3826; x_wconf 65' lang='lat' dir='ltr'><strong>rapotae</strong></span> <span class='ocrx_word' id='word_1_200' title='bbox 571 3743 770 3833; x_wconf 81' lang='lat' dir='ltr'><strong>Medorum,</strong></span> <span class='ocrx_word' id='word_1_201' title='bbox 793 3746 836 3810; x_wconf 81' lang='lat' dir='ltr'><strong>de</strong></span> <span class='ocrx_word' id='word_1_202' title='bbox 851 3740 944 3827; x_wconf 73' lang='lat' dir='ltr'><strong>Cyro</strong></span> <span class='ocrx_word' id='word_1_203' title='bbox 957 3757 1039 3825; x_wconf 77' lang='lat' dir='ltr'><strong>repe</strong></span> <span class='ocrx_word' id='word_1_204' title='bbox 1053 3736 1253 3804; x_wconf 69' lang='lat' dir='ltr'><strong>Per-rernm.</strong></span> 
     </span>
    </p>
   </div>
   <div class='ocr_carea' id='block_1_9' title="bbox 199 3868 1304 4064">
    <p class='ocr_par' dir='ltr' id='par_1_9' title="bbox 199 3868 1304 4064">
     <span class='ocr_line' id='line_1_32' title="bbox 284 3868 1304 3958; baseline -0.004 -16"><span class='ocrx_word' id='word_1_205' title='bbox 284 3880 374 3942; x_wconf 84' lang='lat' dir='ltr'><strong>Anno</strong></span> <span class='ocrx_word' id='word_1_206' title='bbox 401 3891 473 3944; x_wconf 91' lang='lat' dir='ltr'><strong>ante</strong></span> <span class='ocrx_word' id='word_1_207' title='bbox 496 3882 608 3946; x_wconf 88' lang='lat' dir='ltr'><strong>Urbem</strong></span> <span class='ocrx_word' id='word_1_208' title='bbox 636 3884 789 3947; x_wconf 86' lang='lat' dir='ltr'><strong>conditam</strong></span> <span class='ocrx_word' id='word_1_209' title='bbox 817 3883 934 3946; x_wconf 82' lang='lat' dir='ltr'><strong>txtttt.</strong></span> <span class='ocrx_word' id='word_1_210' title='bbox 961 3880 1149 3948; x_wconf 90' lang='lat' dir='ltr'><strong>novissimus</strong></span> <span class='ocrx_word' id='word_1_211' title='bbox 1175 3879 1254 3958; x_wconf 86' lang='lat' dir='ltr'><strong>apud</strong></span> <span class='ocrx_word' id='word_1_212' title='bbox 1303 3868 1304 3921; x_wconf 58' lang='lat' dir='ltr'><strong>t</strong></span> 
     </span>
     <span class='ocr_line' id='line_1_33' title="bbox 199 3980 1252 4064; baseline -0.004 -19"><span class='ocrx_word' id='word_1_213' title='bbox 199 3980 343 4060; x_wconf 78' lang='lat' dir='ltr'><strong>Assyrios</strong></span> <span class='ocrx_word' id='word_1_214' title='bbox 377 3983 520 4064; x_wconf 82' lang='lat' dir='ltr'><strong>regnavit</strong></span> <span class='ocrx_word' id='word_1_215' title='bbox 548 3981 787 4064; x_wconf 86' lang='lat' dir='ltr'><strong>Sardanapains,</strong></span> <span class='ocrx_word' id='word_1_216' title='bbox 822 3987 870 4048; x_wconf 85' lang='lat' dir='ltr'><strong>vir</strong></span> <span class='ocrx_word' id='word_1_217' title='bbox 903 3983 1033 4046; x_wconf 82' lang='lat' dir='ltr'><strong>mutiero</strong></span> <span class='ocrx_word' id='word_1_218' title='bbox 1067 3980 1252 4061; x_wconf 87' lang='lat' dir='ltr'><strong>corruptior:</strong></span> 
     </span>
    </p>
   </div>
   <div class='ocr_carea' id='block_1_10' title="bbox 0 0 1322 4434">
    <p class='ocr_par' dir='ltr' id='par_1_10' title="bbox 0 0 1322 4434">
     <span class='ocr_line' id='line_1_34' title="bbox 0 0 1322 4434; baseline 0 0"><span class='ocrx_word' id='word_1_219' title='bbox 0 0 1322 4434; x_wconf 95' lang='lat' dir='ltr'><strong> </strong></span> 
     </span>
    </p>
   </div>
  </div>
 </body>
</html>
