2634 4434
684 331 759 401 240

617 433 823 442 ψ

191 566 551 644 scriptornaanumerum
568 562 698 627 relatum
717 564 875 643 comperit,
898 549 1066 624 conversas
1088 564 1120 625 in
1143 564 1254 626 latro-

194 665 274 730 cinia
297 679 418 728 omnem
441 682 523 726 oram
540 663 644 727 ltaliae
667 664 813 755 caedibus
827 663 1005 743 rapinisque
1019 666 1158 726 vastarit.
1199 665 1255 727 si-

194 754 444 844 ciliapraorepta
467 765 750 844 commeatibusque
770 763 923 843 impeditis
937 762 1062 825 Romam
1084 762 1167 825 fame
1192 765 1255 825 ad-

176 861 277 941 fecit.
314 862 385 925 llox
407 881 476 926 oum
499 882 537 925 eo
560 882 665 943 pacem
688 863 849 939 triumviri,
873 869 907 924 ut
921 880 983 923 non
999 862 1095 924 dicam
1111 866 1257 943 tyranni,
1311 887 1312 914 ι

194 963 310 1025 idest:
341 962 484 1043 Lepidus
508 963 620 1026 Caesar
640 964 858 1041 Antoniusque
883 961 1034 1024 fecerunt
1078 962 1138 1024 Sed
1168 980 1256 1023 ocn-

195 1065 281 1125 tinuc
305 1081 373 1125 cum
397 1070 502 1125 contra
524 1071 644 1143 pactum
667 1064 828 1143 Pompeius
850 1060 997 1142 fugitivos
1019 1061 1192 1142 adlegeret,
1222 1070 1259 1123 ut

194 1161 290 1225 lrostis
313 1160 435 1227 habitus
457 1171 512 1234 est.
556 1163 661 1240 Mena,
683 1163 813 1224 libertus
835 1162 975 1241 Pompei,
997 1178 1067 1222 cum
1089 1162 1257 1243 sexaginta
1312 1179 1313 1190 ²

195 1264 320 1325 navium
344 1264 441 1327 classe
465 1263 503 1326 ad
526 1263 687 1328 Caesarem
714 1262 845 1337 defecit,
874 1262 1038 1340 eidemque
1064 1260 1154 1322 classi
1187 1264 1257 1341 ipse

191 1362 281 1440 jussu
317 1362 454 1425 Caesaris
488 1362 627 1442 praefuit.
657 1362 824 1442 ‘Idemque
852 1362 999 1423 continuo
1029 1380 1098 1423 cum
1129 1361 1256 1425 Statilio

196 1460 296 1521 Tauro
329 1461 476 1523 adversus
507 1461 714 1527 Menecraten
746 1462 961 1540 Pompeianum
995 1462 1105 1523 ducem
1138 1460 1255 1521 navale
1313 1483 1314 1538 p

196 1557 310 1619 bellum
331 1562 439 1641 gessit.
471 1562 592 1631 Deinde
615 1563 681 1641 ipse
703 1561 816 1623 Caeaor
835 1560 986 1623 adversus
1007 1561 1132 1623 eosdem
1152 1560 1253 1621 Porn-

195 1658 322 1736 peianos
349 1664 596 1727 cruentissimum
623 1662 739 1724 bellum
766 1660 875 1723 navale
903 1659 1054 1722 confecitz
1084 1661 1140 1722 sed
1165 1676 1253 1720 con·
1313 1653 1314 1676 ²

196 1758 281 1820 tinuc
303 1761 462 1825 victricem
484 1763 611 1825 classem
636 1779 735 1840 paene
757 1762 930 1822 universam
954 1761 1033 1839 apud
1056 1759 1253 1840 Scyllaceum

194 1856 356 1940 naufragio
384 1864 492 1927 amisit.
536 1862 698 1926 Ventidius
727 1861 832 1924 Persas
859 1868 891 1922 et
917 1860 1041 1922 Parthos
1069 1861 1101 1921 in
1130 1859 1254 1938 Syriam
1314 1849 1315 1932 l

193 1957 399 2037 irrumpentes
426 1962 524 2024 tribus
551 1962 641 2025 bellis
670 1962 810 2022 maximis
832 1961 927 2037 fudit,
949 1976 1119 2041 regemque
1140 1974 1253 2019 comm

195 2054 341 2119 Pacorum
371 2061 404 2124 ia
432 2060 678 2127 asininarum
704 2078 742 2121 ea
762 2060 883 2121 scilicet
904 2060 970 2136 die,
1000 2078 1061 2139 qua
1083 2057 1214 2120 Crassus
1235 2076 1254 2118 a
1314 2107 1315 2146 ι

197 2155 314 2222 Parthis
337 2157 438 2223 fuerat
466 2161 594 2224 occisus.
638 2159 791 2221 Antonius
818 2177 881 2220 nno
908 2161 963 2220 vix
990 2159 1114 2221 castello
1143 2176 1252 2237 oxpu-
1314 2159 1315 2164 ’

195 2262 288 2333 gnato
308 2276 414 2337 pacem
436 2279 505 2329 cum
520 2260 674 2323 Antiocho
689 2259 773 2336 fecit,
795 2266 831 2321 nt
852 2261 918 2339 ipse
939 2266 1052 2321 tantam
1073 2276 1140 2320 rem
1161 2274 1249 2318 con-

196 2369 364 2419 summasse
386 2358 552 2423 videretur.
593 2359 769 2421 Ventidium
786 2357 894 2438 Syriae
909 2358 1067 2439 praefecit,
1081 2358 1252 2439 jussitque,

196 2459 231 2513 ut
251 2453 409 2537 Antigona
431 2458 544 2521 bellum
568 2458 713 2522 inferret:
743 2459 796 2537 qui
822 2459 957 2520 ludaeos
985 2465 1049 2519 tum
1077 2456 1157 2519 forte
1186 2457 1252 2518 de·
1315 2493 1316 2536 p

196 2550 374 2632 bellarent,
398 2560 554 2639 captisque
570 2558 791 2639 Hierosolymis
811 2558 955 2637 templum
976 2558 1169 2637 spoliaverat,
1191 2573 1253 2616 re-

196 2668 355 2733 gnumque
377 2656 492 2719 llerodi
514 2658 682 2719 demserat:
713 2676 804 2737 quern
827 2659 975 2719 continuo
996 2657 1110 2717 rictum
1133 2655 1165 2716 in
1188 2656 1252 2717 de-

198 2750 345 2815 ditionem
367 2757 492 2836 recepit
524 2755 614 2819 blena
636 2757 765 2820 libertus
787 2775 858 2819 cam
878 2774 936 2819 sex
957 2756 1086 2817 navibus
1101 2755 1139 2816 ad
1154 2755 1252 2815 Pom-

197 2838 300 2929 'peium
322 2855 429 2934 rediit,
458 2875 476 2919 a
504 2874 566 2937 qua
594 2857 764 2919 clementer
790 2864 934 2938 receptus
961 2853 1101 2917 Caesaris
1121 2854 1253 2914 classem

197 2950 344 3029 incendit,
368 2956 507 3033 quamvis
529 2972 628 3032 nuper
648 2956 760 3017 Caesar
780 2956 906 3017 alteram
928 2955 1065 3018 secundo
1087 2951 1251 3034 naufragio

197 3047 388 3127 perdidisset.
422 3052 569 3133 Idemque
584 3052 674 3117 Mena
695 3062 802 3135 postea
822 3055 861 3117 ab
875 3056 1011 3137 Agrippa
1033 3053 1136 3115 navali
1155 3071 1252 3133 praa-

196 3145 239 3207 lio
266 3150 495 3216 circumventus
521 3171 591 3217 curn
618 3172 675 3217 sex
701 3154 876 3218 triremibus
903 3155 941 3217 ad
970 3154 1129 3215 Gaesarem
1160 3159 1252 3213 tran-

198 3247 257 3311 siit.
302 3248 362 3313 Sed
390 3253 473 3315 hunc
499 3255 610 3317 Caesar
638 3255 729 3317 tertio
756 3254 960 3335 transfugam,
988 3252 1105 3315 indulta
1134 3259 1253 3312 tantum

98 3403 102 3411 .
201 3345 291 3423 [ott]
321 3351 398 3427 vita,
428 3370 554 3435 segnem
577 3354 711 3433 reliquit.
754 3354 875 3417 Doinde
897 3354 1032 3435 Agrippa
1053 3353 1135 3413 inter
1156 3351 1254 3431 ldylas

200 3452 231 3505 at
245 3444 369 3537 Liparas
384 3452 531 3513 adversus
545 3453 766 3517 Democharem
783 3460 815 3515 at
828 3454 1004 3532 Pompeium
1024 3450 1135 3518 navale
1157 3468 1252 3530 prae-

200 3543 276 3607 lium
301 3551 413 3627 gessit,
442 3568 479 3613 ac
505 3553 594 3627 vicit;
625 3553 732 3633 ibique
757 3561 831 3615 tunc
853 3570 947 3615 naves
969 3554 1094 3633 triginta
1116 3557 1171 3612 aut
1190 3550 1253 3610 de-

201 3648 321 3725 mersit,
350 3657 402 3712 aut
429 3638 535 3731 cepit,
551 3651 681 3731 reliquis
707 3652 856 3714 laceratis.
900 3652 1061 3731 Pompeius
1082 3649 1255 3713 Messanam

135 3804 139 3811 .
202 3748 349 3830 confugit.
393 3750 504 3813 Caesar
536 3752 655 3813 interea
687 3750 916 3811 'taurominium
949 3749 1128 3829 traiecerat,
1162 3766 1255 3827 quern

201 3850 364 3925 repentino
386 3850 501 3928 impetu
517 3848 679 3928 Pompeius
700 3847 824 3909 adflixit.
869 3848 956 3911 Unde
979 3848 1082 3911 multis
1104 3848 1255 3911 deniensis

202 3946 331 4006 navibus
357 3947 437 4024 suis,
465 3966 500 4009 aa
528 3963 637 4026 magna
660 3946 855 4011 multitudine
875 3963 1002 4010 suorum
1025 3948 1155 4010 militurn
1178 3964 1254 4026 per·
