2634 4434
689 323 764 393 200

621 425 828 435 ——————-·—·-

199 565 362 645 Spartacus
383 576 561 643 oppressum
584 560 667 635 bello
688 556 854 624 interiecit
894 554 1003 636 ltaque
1025 554 1176 617 exterrita
1199 552 1252 615 ct-
1315 627 1316 632 ἵ

199 668 295 741 llll-²⁰
315 681 377 730 11011
399 662 518 739 1111110111
541 660 759 743 propemodum
782 664 885 751 matu,
896 676 1000 737 «quant
1018 655 1076 725 sub
1098 653 1254 717 Annibale
1315 653 1316 730 l

200 766 282 836 circa
310 771 412 845 portas
442 762 593 826 fremente
622 762 845 843 trepidaverat,
868 765 995 833 senatus
1018 758 1168 837 Crassum
1189 773 1253 817 cam
1315 751 1316 842 l

199 866 378 948 legionibus,
405 863 565 941 consulum
593 880 739 955 nopoque
766 860 978 941 supplemento
1005 857 1139 926 militurn
1166 857 1254 917 misit.

201 964 291 1045 [361]
319 965 347 1027 ls
371 981 442 1039 mox
463 970 498 1027 ul
519 962 718 1043 lugitivorum
740 979 873 1043 pugnam
896 960 975 1037 iniit,
997 977 1054 1022 sex
1076 957 1175 1019 millia
1199 974 1255 1018 eo·

199 1085 268 1141 rum
301 1065 474 1142 interfecit,
508 1071 683 1145 nongentos
715 1080 791 1125 vero
824 1062 914 1141 cepit
959 1059 1034 1121 lnde
1056 1060 1142 1138 prius
1167 1076 1256 1137 quam

199 1168 300 1249 ipsum
323 1166 505 1247 Spartacum,
524 1165 562 1239 ad
591 1171 683 1245 caput
711 1163 801 1244 Silari
828 1162 962 1232 [luminis
990 1164 1258 1229 castrametantem
1316 1176 1317 1209 t

201 1268 283 1331 bello
305 1268 542 1349 adgrederetur,
571 1264 673 1326 Gallos
701 1264 901 1327 auxiliatores
928 1264 995 1344 ejus
1023 1259 1259 1338 Germanosque
1316 1262 1317 1337 1

202 1370 368 1449 superavit,
396 1386 414 1429 e
437 1367 550 1448 quibus
573 1366 699 1447 triginta
722 1365 815 1425 millia
837 1363 994 1425 hominurn
1017 1380 1089 1426 cum
1103 1361 1181 1441 ipsis
1197 1360 1259 1422 du·
1316 1352 1317 1355 '

203 1469 290 1531 cibus
320 1468 440 1531 occidit.
484 1467 657 1529 Novissime
685 1466 784 1545 ipsum
808 1464 984 1545 Spartacum
1014 1462 1163 1542 disposita
1194 1461 1260 1521 acie
1316 1506 1317 1509 ,

201 1585 417 1651 congressum,
444 1567 652 1647 maximasque
676 1584 746 1627 cum
770 1583 808 1628 eo
831 1565 1030 1646 lugitivorum
1053 1564 1160 1643 copias
1184 1577 1259 1641 per·
1316 1636 1317 1647 ἶ

201 1668 284 1731 culit.
319 1668 394 1731 Nam
417 1668 577 1749 sexaginta
601 1684 707 1739 eorum
731 1666 824 1735 millia
847 1683 951 1742 caesa,
974 1683 1031 1725 sex
1053 1652 1149 1725 millia
1172 1668 1261 1741 capta
1316 1676 1317 1731 j

200 1768 393 1831 reseruntur:
430 1770 487 1830 tria
521 1768 613 1828 millia
648 1768 761 1828 civium
791 1766 995 1828 Romanorum
1023 1757 1148 1844 recepta
1179 1768 1260 1825 sunt.

203 1869 341 1946 Caeteri,
365 1870 419 1949 qui
441 1888 481 1931 ex
503 1868 562 1929 hcc
584 1866 676 1952 bello·
689 1867 765 1946 lapsi
788 1866 987 1945 oberrabant,
1010 1884 1066 1948 par
1085 1863 1262 1943 complures

118 1986 122 1991 ·
201 1970 296 2033 duces
323 1969 479 2049 frequenti
508 1970 654 2049 indagine
681 1969 785 2031 adtriti
813 1975 894 2030 sunt.
938 1968 981 2029 At
1005 1984 1070 2047 ego.
1087 1966 1204 2028 iterum
1227 1983 1261 2025 ac

175 2091 177 2095 ’
202 2071 325 2151 saepius
347 2076 471 2149 repeto,
501 2086 577 2140 nuru
604 2070 750 2153 quidnam
777 2076 812 2131 et
836 2068 887 2130 bic
909 2068 1138 2149 comparatione
1159 2066 1264 2145 aliqua

204 2178 300 2253 agent
315 2167 469 2251 temporat
494 2170 580 2257 Quis,
603 2186 690 2255 rogo,
713 2169 819 2233 audire
843 2187 905 2232 non
927 2168 1061 2246 horreat,
1084 2184 1148 2229 non
1164 2167 1264 2229 dicam

204 2270 286 2333 bella
301 2272 384 2349 talia,
400 2272 455 2333 sed
470 2272 521 2352 vel
536 2272 658 2333 nomina
675 2278 757 2336 taum
779 2270 941 2350 bellorum,
964 2277 1103 2346 externa,
1126 2268 1265 2343 sectilia,

204 2372 339 2450 socialia,
364 2373 466 2435 civilia
488 2368 772 2457 fugitivorumque?
795 2390 876 2451 quae
897 2390 938 2433 ne
953 2370 999 2433 sic
1014 2369 1140 2449 quidem
1155 2368 1266 2431 saltem

205 2489 290 2551 sese,
314 2479 348 2535 ut
369 2476 513 2537 commoti
539 2474 630 2538 maris
656 2471 784 2550 fluctus,
813 2473 953 2552 quamvis
983 2470 1115 2531 molibus
1145 2469 1268 2551 magnis

205 2582 393 2655 sequuntur,
421 2576 476 2639 sed
499 2576 636 2657 undiquc
667 2574 797 2644 diversis
819 2574 937 2654 causiS,
960 2571 1135 2648 vocabulis,
1158 2570 1268 2633 formis
1316 2628 1317 2633 ,

207 2676 357 2755 malisque
380 2677 511 2739 excitata
534 2681 776 2755 coacervataque
791 2681 988 2736 concurrunt.
1023 2672 1062 2735 Ut
1084 2690 1102 2733 e
1125 2672 1267 2751 proximo

205 2782 343 2857 repetam
366 2782 398 2837 et
427 2775 540 2837 infame
567 2775 648 2841 illud
670 2774 783 2838 servile
809 2782 1018 2856 praeteream,
1046 2772 1267 2854 lugurthinum
1316 2800 1317 2857 j

207 2875 323 2949 bellurn
347 2878 481 2941 nondum
505 2876 605 2939 adbuc
627 2876 665 2942 ab
687 2876 795 2940 Africo
818 2876 1017 2954 detonuerat,
1040 2875 1108 2955 jana,
1129 2873 1282 2946 Cimbri·¹
1316 2890 1317 2955 p

208 2995 319 3057 cuppa
343 2976 443 3037 Circio
466 2974 655 3053 fulminabat
693 2977 739 3055 De
756 2975 915 3052 Cimbricis
930 2976 992 3051 illis
1011 2975 1147 3039 nubibus
1169 2973 1267 3037 adbuc
1315 3023 1316 3030 ,

209 3076 293 3146 foedi
320 3078 461 3161 vastique
490 3083 643 3159 torrentes
672 3076 762 3155 effusi
794 3077 955 3160 sanguinis
986 3077 1175 3159 agebantur,
1207 3077 1266 3157 jam
1315 3121 1316 3150 3

211 3174 297 3261 [aba]
328 3178 450 3242 socialis
480 3178 555 3243 belli
584 3179 730 3258 nebulas,
758 3179 791 3241 in
814 3197 925 3260 inagna
947 3180 1096 3253 continuo
1118 3176 1265 3239 malorum
1315 3191 1316 3248 t

210 3280 315 3351 nubila
343 3282 491 3359 coturno,
516 3281 625 3343 misera
649 3280 810 3361 exhalabat
832 3280 925 3343 ltalia.
969 3279 1080 3340 Adbuc
1104 3294 1180 3339 vero
1203 3282 1266 3358 post
1315 3251 1316 3338 l

211 3380 363 3457 infinitam
382 3381 583 3461 crebramque
595 3382 693 3459 ltaliqi
715 3381 789 3444 belli
812 3388 1031 3461 tempestatem
1047 3379 1182 3457 discurri
1205 3383 1266 3439 tuto
1315 3341 1316 3392 ¹

211 3499 266 3566 per
281 3479 395 3541 ltaliam
412 3482 537 3543 minime
553 3490 687 3563 poterat:
712 3484 753 3545 ita
772 3498 894 3559 omnen,
914 3481 1032 3561 absque
1056 3479 1117 3542 illis
1138 3478 1265 3559 pericu-

212 3581 371 3645 losissimis
395 3582 584 3646 inimicarum
607 3579 730 3646 urbium
752 3582 963 3665 voraginibus,
987 3580 1135 3643 dissoluta
1157 3598 1196 3641 ac
1216 3578 1267 3639 lu·
1315 3565 1316 3648 J

213 3683 296 3746 brice
319 3700 405 3763 pace,
429 3682 614 3761 titubabant:
634 3684 698 3763 jam
721 3682 780 3745 sibi
796 3681 964 3754 llariannm
987 3690 1081 3761 atque
1099 3680 1269 3742 cinnanum
1315 3683 1316 3740 t

212 3784 306 3848 Roma
329 3784 517 3863 parturiebat
539 3783 701 3852 excidium,
717 3790 749 3848 ct
769 3783 854 3845 alind
876 3784 1035 3846 ediverso
1051 3780 1164 3843 Oriens
1179 3786 1270 3859 atque

213 3883 339 3961 Aquilo,
354 3883 412 3948 hcc
429 3890 491 3946 est:
508 3881 757 3961 Mithridaticum,
773 3883 955 3963 minabatur,
972 3884 1054 3965 quod
1071 3881 1197 3963 quidem
1209 3880 1268 3943 tti-
1316 3876 1317 3885 ’

215 3980 406 4049 thridaticum
430 4003 447 4045 a
469 3982 680 4064 superioribus
703 3990 845 4066 coeptum
867 4000 958 4064 porro
982 3984 1013 4048 in
1030 3983 1178 4063 ulteriora
1194 3999 1267 4064 por·
1315 4013 1316 4016 ¹
