2634 4434
709 311 757 380 68

628 412 834 422 ψ

209 551 390 626 errantium,
424 554 456 608 et
487 547 569 608 inter
596 563 651 608 sua
680 546 854 627 ignotorum
882 544 1019 628 ollensae
1046 546 1132 608 vocis
1158 549 1249 628 imago

207 651 413 730 respondens,
435 647 571 726 trepidos
593 646 800 726 suspendebat
822 645 951 708 auditus.
996 645 1111 708 Horror
1133 650 1248 728 qualic-

207 751 259 812 bat
295 751 428 826 animos,
465 748 587 810 silentia
620 747 686 826 ipsa
720 747 883 808 terrebant.
942 745 1099 826 Siquidem
1134 751 1251 812 materia

207 845 298 926 [lli]
321 850 443 930 pavoris
464 856 512 910 est
533 849 641 909 raritas
665 849 729 927 ipsa
751 849 837 910 vocis
860 848 891 909 in
914 849 1062 927 spatiosis,
1098 848 1176 910 Hinc
1197 850 1251 911 illis

206 958 329 1025 mutare
347 950 453 1027 sedes,
476 949 558 1010 aliud
580 948 717 1010 incolere
740 948 882 1028 oppidum
906 948 1002 1009 altero
1024 953 1114 1010 etiam
1138 953 1253 1011 censeri

206 1051 332 1115 nomine
354 1051 531 1132 cogitatum,
553 1048 697 1129 placitum
720 1055 813 1128 atque
835 1056 982 1112 tentatum
1007 1056 1061 1110 est.
1106 1048 1152 1110 Eu
1167 1035 1252 1110 'tem-

208 1168 296 1231 pora,
331 1167 460 1230 quorum
494 1150 720 1229 comparatione
753 1151 925 1230 praesentia
953 1149 1174 1228 ponderantur:
1207 1169 1253 1226 en,

208 1251 320 1331 quibus
341 1249 513 1312 recordatio
535 1252 682 1330 suspirat:
712 1269 767 1328 en,
796 1269 876 1331 quae
903 1251 1056 1312 incutiuni
1083 1250 1121 1311 de
1149 1250 1254 1326 electa,

207 1350 258 1412 vel
286 1351 387 1430 potius
421 1350 459 1412 de
491 1351 633 1432 neglecta
666 1350 834 1432 religione,
868 1351 1096 1430 poeniteutiam.
1140 1349 1255 1412 Revera

207 1468 296 1531 pares
312 1457 384 1512 sunt
398 1457 430 1512 et
444 1450 645 1513 conferuntur
660 1453 741 1513 inter
760 1469 794 1512 se
816 1451 874 1512 hae
897 1451 975 1512 duae
991 1451 1191 1529 captivitates,
1208 1450 1256 1511 illa

18 1547 61 1612 '‘fi‘'
70 1566 81 1578 “
96 1559 134 1596 ⁴²³
208 1568 265 1613 sex
288 1551 443 1635 mensibus
467 1549 658 1628 desaeviens,
682 1559 713 1613 et
728 1552 826 1614 tribus
842 1551 950 1612 diebus
966 1552 1022 1612 ista
1037 1556 1254 1612 transcurrens.

208 1649 287 1713 Galli
314 1652 466 1712 exstincto
493 1652 621 1731 populo,
652 1651 734 1714 Urbe
757 1653 862 1714 deleta·
879 1653 977 1730 ipsum
1000 1667 1124 1730 quoque
1145 1649 1255 1711 Romae

207 1769 319 1814 nomen
343 1751 374 1812 in
394 1754 541 1814 extremis
562 1752 718 1814 cineribus
738 1757 970 1830 persequentes,
994 1756 1025 1809 et
1040 1747 1130 1810 Gothi
1152 1750 1256 1812 relicta

207 1853 380 1914 intentione
401 1852 567 1933 praedandi
588 1851 625 1910 ad
648 1849 792 1929 coniugia
814 1850 936 1925 salutis,
959 1847 1017 1908 hoc
1039 1854 1101 1926 est,
1129 1857 1256 1912 sancto-

206 1971 274 2014 rum
297 1952 445 2030 locorum,
467 1952 587 2032 agmina
610 1952 714 2030 ignara
737 1957 893 2030 cogentes,
931 1947 976 2009 lbi
998 1947 1052 2008 vix
1074 1965 1257 2030 quemquam

207 2054 365 2116 inventum
399 2057 587 2124 senatorem,
621 2049 674 2127 qui
707 2049 758 2109 vel
790 2049 901 2112 absens
934 2040 1082 2111 evaserit:
1118 2047 1169 2110 hic
1207 2051 1259 2110 vix

207 2169 391 2233 quemquam
424 2147 555 2226 requiri,
589 2149 642 2227 qui
675 2147 754 2210 loric
787 2157 822 2211 ut
854 2149 952 2211 latens
984 2150 1118 2228 perierit.
1162 2149 1257 2210 Recte

206 2271 281 2316 sane
311 2247 525 2326 compararim,
558 2247 641 2308 bunc
670 2247 766 2310 luisse
793 2249 837 2311 ibi
864 2256 1055 2311 servatorum
1085 2253 1258 2326 numerum,

207 2356 260 2435 qui
282 2351 333 2410 bic
355 2346 448 2407 luerit
469 2347 666 2426 perditorum.
703 2349 794 2410 Plane
818 2351 956 2429 quodne
979 2349 1126 2429 proditur,
1150 2348 1257 2410 laten-

206 2452 277 2513 dum
300 2453 364 2524 est,
388 2447 420 2508 iu
441 2445 499 2508 bac
520 2447 606 2509 clade
629 2451 782 2528 praesenti
805 2450 872 2529 plus
894 2450 992 2512 Deum
1013 2449 1167 2526 saevisse,
1185 2449 1257 2510 bc-

207 2545 296 2623 [143]
325 2549 424 2610 mines
452 2549 569 2625 urinus,
602 2568 671 2610 cum
700 2551 876 2630 peragendo
903 2551 984 2629 ipse,
1013 2549 1095 2630 quod
1123 2548 1168 2610 illi
1197 2565 1259 2610 non

206 2649 423 2728 inplevissent,
451 2665 507 2710 cur
534 2663 588 2708 eos
615 2649 748 2724 miserit,
778 2649 1011 2711 demonstravit:
1047 2651 1160 2732 quippe
1190 2667 1258 2711 cum

206 2765 297 2830 supra
323 2748 470 2811 humanas
498 2748 580 2809 vires
608 2755 708 2825 esset,
739 2747 906 2810 incendere
934 2767 1046 2824 aeneas
1073 2749 1195 2826 trabes,
1232 2755 1261 2810 et

206 2850 357 2912 subruere
391 2865 568 2930 magnarum
601 2847 698 2908 moles
730 2853 966 2926 structurarum,
1000 2851 1063 2911 ictu
1095 2848 1260 2924 fulminum

205 2950 316 3012 Forum
339 2967 407 3010 cum
429 2947 613 3029 imaginibus
627 2947 726 3024 vanis,
753 2966 832 3028 quae
853 2951 1071 3028 superstitione
1091 2949 1261 3012 miserabili

205 3049 258 3112 vel
273 3049 372 3111 Deum
394 3048 445 3110 vel
467 3049 621 3110 bominem
643 3049 842 3126 mentiuntur,
866 3049 1017 3128 abjectum
1041 3057 1101 3112 est:
1125 3048 1261 3110 horum-

207 3168 269 3231 que
290 3151 426 3212 omnium
448 3149 778 3227 abominamentorum,
812 3149 893 3227 quod
916 3151 1040 3212 inmissa
1062 3167 1118 3229 per
1138 3149 1261 3230 hostem

206 3249 325 3312 ilamma
353 3269 415 3312 nou
444 3251 534 3329 adiit,
563 3251 673 3312 missus
696 3269 714 3311 c
736 3248 824 3310 coelo
847 3250 927 3329 ignis
950 3251 1069 3312 evertit.
1113 3247 1152 3310 Et
1174 3267 1260 3328 quo·

206 3351 287 3411 uiam
310 3349 389 3412 uber
411 3349 532 3411 dicendi
554 3351 679 3412 materia
702 3356 759 3425 est,
783 3365 862 3428 quaa
885 3367 1079 3429 nequaquam
1101 3347 1161 3410 hoc
1177 3365 1261 3409 con-

206 3449 289 3510 cludi
311 3449 390 3511 libro
412 3457 525 3529 potest,
547 3450 597 3512 bic
619 3450 790 3528 praesentis
812 3450 978 3512 voluminis
1000 3449 1068 3511 linis
1090 3449 1146 3526 sit,
1171 3455 1208 3510 ut
1231 3448 1262 3509 in

205 3549 465 3630 subsequentibus
487 3559 590 3614 cetera
613 3566 841 3629 prosequamur.

593 3812 868 3837 ιυ--ο-ν-
