2634 4434
670 294 745 363 218

181 550 294 595 novum
322 538 353 594 et
382 530 545 593 maximum
574 528 689 591 ballum
717 533 868 589 retractus
896 533 951 589 est.
995 525 1134 606 Namque
1164 527 1234 588 dum

180 632 210 697 P.
234 633 359 695 Crassus
381 631 560 693 adolescens
583 649 653 692 curn
681 629 806 711 legione
833 628 963 707 septima
992 626 1116 689 Oceano
1147 634 1236 689 tenus

181 734 261 814 apud
281 731 467 813 Andegavos
490 730 613 812 hiemat,
634 729 746 793 Veneti
762 729 939 807 caeterique
955 728 1092 789 contines
1107 734 1237 807 rqrente

182 835 214 895 in
242 852 324 895 arma
350 831 526 911 conjurant,
554 830 672 911 legatos
697 830 902 890 Romanorum
930 829 1084 905 vinciunt,
1118 845 1237 907 eosque

181 934 224 995 ita
246 934 368 995 demum
391 948 425 993 se
446 930 631 1007 reddituros,
653 932 680 993 si
703 929 826 991 obsides
848 946 921 991 suos
936 930 1096 1009 recipiant,
1118 928 1237 990 Roma-

181 1034 230 1095 nis
253 1034 396 1096 indicant.
435 1031 541 1094 Socios
563 1030 622 1093 sibi
644 1031 685 1092 ad
706 1030 737 1092 id
759 1029 873 1091 bellurn
890 1031 1049 1107 Osismios,
1070 1030 1238 1106 Lexouios,

181 1132 354 1211 Namnetes,
381 1131 603 1208 Ambivaritos,
636 1130 787 1207 Morinos,
821 1130 991 1193 Diablintes
1019 1138 1051 1192 et
1078 1130 1239 1209 Menapios

184 1229 273 1307 [393]
308 1232 496 1307 adsciscunt;
532 1230 646 1293 auxilia
679 1249 804 1313 quoque
836 1250 854 1293 a
883 1232 1039 1294 Britannia
1067 1237 1238 1292 arcessunt.

183 1333 295 1397 Caesar
317 1351 371 1413 per
390 1332 529 1393 Crassum
554 1332 591 1393 de
613 1332 785 1395 rebellione
807 1333 977 1395 deditarum
1000 1332 1140 1414 gentium
1164 1348 1238 1392 eer-

84 1473 88 1482 ·
182 1436 243 1496 tior
264 1432 372 1510 factus
395 1432 534 1512 quamvis
557 1433 746 1515 intelligeret
768 1441 880 1513 quanta
903 1434 1030 1496 ineundi
1052 1432 1128 1495 belli
1152 1430 1237 1493 dilli-

183 1533 280 1597 cultas
310 1539 409 1611 esset,
437 1540 538 1595 tamen
566 1551 631 1596 rem
665 1535 741 1596 tanti
773 1536 891 1616 negotii
924 1553 986 1596 non
1020 1532 1238 1616 negligendam

169 1640 266 1696 ratus
290 1642 350 1712 est,
380 1652 420 1696 ne
448 1636 577 1697 caeteris
606 1635 747 1715 exemplo
776 1636 926 1717 ejusmodi
953 1635 1086 1697 audendi
1114 1634 1241 1695 licentia

182 1736 344 1798 laxaretur.
388 1734 496 1816 ltaque
518 1738 655 1798 terrestri
678 1737 793 1816 praelio
821 1738 966 1818 persequi
993 1736 1097 1799 hostes
1125 1733 1241 1795 frustm

182 1836 363 1917 adgressus;
395 1838 507 1917 qnippe
536 1856 605 1898 cum
633 1837 739 1899 hostes
771 1855 827 1918 per
859 1836 1007 1900 interfusa
1041 1856 1081 1899 ex
1114 1836 1239 1897 Oceano

183 1938 351 2014 aestuaria,
378 1944 471 2017 atque
494 1938 667 2001 inaccessos
689 1955 832 2001 recessus
858 1940 931 2001 tutis
953 1945 1103 2001 terrarum
1125 1936 1240 1997 linibus

184 2036 386 2113 munirentur,
413 2055 508 2099 naves
531 2039 637 2119 longas
660 2039 815 2101 aedificari
837 2040 869 2102 in
890 2039 994 2121 Ligeri
1016 2038 1111 2101 tluvio
1129 2038 1238 2119 jubet:

182 2153 351 2217 perquem
380 2137 412 2198 in
442 2138 599 2201 Oceanum
627 2139 796 2218 deductae,
824 2159 896 2203 mox
923 2148 957 2202 ut
983 2140 1124 2203 hostibus
1153 2139 1240 2199 visae

180 2244 264 2315 sunt,
288 2239 435 2300 continuo
458 2240 607 2303 decentae
630 2240 739 2322 viginti
755 2259 850 2303 naves
865 2259 972 2303 eorum
987 2247 1121 2321 paratae,
1144 2246 1240 2318 atque
1311 2229 1312 2242 ¹

183 2338 266 2398 omni
294 2356 411 2418 genere
440 2357 592 2403 armorum
621 2342 890 2420 instructissimae,
922 2358 1104 2422 progressae
1137 2347 1240 2420 portu,
1311 2347 1312 2364 ¹

183 2453 224 2496 ex
255 2438 385 2500 adverso
418 2442 629 2504 constiterunt.
679 2442 774 2504 Bruto
803 2443 1062 2522 circumspicienti
1090 2444 1241 2521 imparem

183 2535 276 2619 longe
300 2542 424 2601 navium
447 2558 516 2603 esse
539 2542 725 2621 condictum,
748 2544 819 2623 quia
841 2543 1039 2605 barbarorum
1063 2559 1159 2603 naves
1180 2559 1239 2603 so-

183 2636 246 2698 lido
275 2637 388 2701 robore
421 2641 573 2720 intextae,
606 2644 812 2723 cavernisque
844 2634 1026 2724 praevalidis
1059 2644 1240 2719 obduratae,

184 2754 327 2799 saxorum
350 2740 440 2801 modo
462 2742 585 2804 adactos
606 2750 805 2805 rostratarum
828 2746 907 2807 ictus
928 2744 1150 2820 retundebant,
1179 2742 1240 2803 boc

183 2838 318 2918 primum,
336 2842 451 2902 auxilio
473 2841 547 2919 fuit,
578 2843 661 2922 quod
682 2843 778 2907 falces
799 2846 990 2907 acutissimas
1012 2862 1074 2907 non
1096 2844 1239 2924 pertina-

184 2940 262 3001 citer
284 2940 382 3001 contis
406 2939 571 3019 praelixas,
594 2941 720 3006 funibus
747 2952 848 3007 autem
877 2947 1033 3009 subnexas
1062 2952 1239 3025 paraverat:

185 3038 381 3117 quibuscum
403 3056 479 3119 opus
501 3047 584 3103 esset
601 3028 812 3123 'adprobensos
835 3048 955 3109 eminus
976 3047 1134 3121 rudentes,
1158 3044 1239 3107 sub-

185 3137 284 3202 ductis
306 3138 466 3203 hastilibus
488 3159 544 3222 per
565 3142 670 3207 funem
691 3146 800 3209 falcem
815 3147 1010 3224 retrahendo,
1033 3147 1241 3209 succiderent

183 3238 237 3302 His
260 3241 404 3303 celeriter
427 3242 593 3322 expeditis,
623 3245 754 3325 dirumpi
780 3247 935 3309 hostilium
957 3255 1160 3309 antennarum
1183 3264 1240 3307 ar-

184 3348 335 3403 mamenta
351 3344 515 3423 praecepit.
552 3343 596 3406 lta
611 3347 753 3408 antennis
768 3347 944 3425 ruentibus,
966 3347 1139 3427 complures
1156 3347 1241 3409 illico

184 3457 279 3501 naves
309 3440 395 3501 velut
423 3450 524 3522 captas
551 3445 724 3510 immobiles
750 3448 891 3513 reddidit.
934 3447 997 3510 Alii
1019 3448 1078 3509 hoc
1100 3448 1241 3528 periculo

134 3534 149 3561 '
184 3540 293 3617 territi,
321 3543 477 3620 suspensis
505 3544 594 3622 velis,
621 3566 681 3627 qua
702 3555 814 3610 uentus
837 3550 1021 3626 intenderet,
1046 3547 1157 3629 sugere
1179 3566 1241 3609 co-

168 3642 257 3719 nnati,
281 3649 422 3704 cessante
444 3660 515 3703 mox
536 3652 630 3707 vento
653 3647 801 3725 destituti,
825 3649 957 3711 ludibrio
980 3647 1070 3711 luere
1085 3649 1242 3711 Romanis.

111 3774 113 3777 -
183 3739 290 3821 ltaque
317 3742 452 3804 incensis
482 3744 622 3806 omnibus
655 3744 801 3823 navibus,
835 3748 1069 3829 interiectisque
1098 3751 1162 3827 bis,
1185 3751 1243 3829 qui

67 3922 71 3927 Δ
186 3835 273 3920 [394]
302 3850 528 3921 pugnaverant,
553 3842 663 3919 Gallis,
686 3844 799 3923 reliqui
822 3866 892 3910 sese
915 3866 1022 3911 omnes
1045 3850 1243 3913 dediderunt.

186 3935 247 3997 Sed
268 3938 379 4001 Cacsar
401 3942 531 4003 maxime
554 3942 592 4003 cb
615 3944 756 4024 injuriam
780 3947 960 4029 legatorum,
984 3959 1015 4013 ct
1038 3958 1070 4013 ut
1092 3952 1180 4033 genti
1202 3952 1245 4013 ad
