2634 4434
537 365 611 437 aaa
719 334 725 346 '

466 466 673 477 ———-—.....

392 611 586 750 Caput
633 611 754 777 till.

40 826 97 892 De
125 828 351 899 mutabilitate
377 830 524 901 Romani
549 837 700 920 imperii,
724 833 983 917 praedictorum
1009 839 1102 905 uelut

488 937 651 1019 eptlcpuc.

127 1099 226 1181 Igitur
245 1100 373 1165 Romani
395 1110 491 1165 status
513 1105 615 1184 agitur
637 1121 759 1182 semper
781 1104 898 1164 alterna
919 1109 1047 1170 mutatio
1070 1118 1102 1171 et

38 1198 129 1261 velut
157 1200 254 1263 forma
283 1202 400 1264 Oceani
427 1204 534 1281 maris,
563 1222 644 1283 qnae
672 1203 755 1264 omni
783 1202 835 1263 die
866 1183 983 1283 disper,
1017 1224 1102 1271 nuno

38 1300 200 1362 succiduis
222 1318 278 1379 per
300 1308 416 1379 septem
440 1303 506 1366 dics
528 1304 685 1367 adtollitur
706 1302 917 1379 incrementis,
940 1320 1023 1366 nunc
1044 1309 1099 1370 ln-

37 1399 247 1479 sequentibus
274 1400 399 1463 totidem
427 1402 536 1469 diebus
563 1402 694 1466 naturali
722 1403 833 1465 damno
856 1410 888 1465 ct
915 1404 977 1465 de-
1007 1405 1100 1484 [414]

35 1497 130 1559 iectu
160 1500 308 1561 interiere
336 1502 523 1567 subducitur.
568 1504 607 1565 Ut
636 1506 717 1565 enirn
746 1504 784 1565 de
811 1504 957 1583 proximis
985 1508 1099 1588 ordiar,

37 1598 176 1659 Cimbris
209 1599 425 1681 tigurinisque
458 1602 671 1680 vincentibus,
705 1621 775 1665 cum
807 1602 887 1681 apud
918 1602 1100 1670 Rhodanum

36 1697 157 1759 flumen
179 1698 334 1762 Romanus
357 1705 511 1764 exercitus
533 1703 638 1782 periit,
668 1702 852 1768 arctissimas
879 1701 975 1765 Roma
1002 1708 1100 1769 sensit

38 1800 216 1879 angustias,
239 1800 343 1863 retusa
366 1805 513 1865 continuo
539 1803 626 1865 clade
648 1801 856 1880 Cimbrorum,
879 1804 998 1883 magnis
1020 1805 1100 1871 elata

37 1899 243 1976 proventibus
275 1902 410 1979 priorum
440 1903 533 1965 oblita
559 1902 736 1965 defectuum
766 1909 821 1963 est.
865 1902 952 1964 Hanc
984 1905 1098 1969 deinde

38 2001 273 2061 recentissimae
306 2004 515 2081 prosperitatis
543 2005 721 2082 jactantiam
750 2001 887 2064 ltalicum
921 2002 1035 2065 bellum
1067 2014 1100 2068 et

39 2098 220 2160 dilaceratio
244 2099 367 2163 Sullana
391 2104 526 2184 castigat.
570 2103 687 2165 Rursus
710 2109 777 2182 post
799 2102 879 2164 hane
900 2103 1099 2167 domesticam

39 2198 282 2279 intestinamque
315 2204 499 2281 perniciem,
534 2221 594 2282 qua
626 2185 971 2279 nsque‘admedullas
1000 2220 1100 2279 paene

39 2300 213 2360 eviscerata
236 2306 267 2361 et
290 2318 383 2368 exesa
406 2309 469 2377 est,
497 2302 621 2381 paribus
644 2298 864 2379 propemodum
886 2300 992 2376 spatiis
1014 2306 1098 2361 tem-

39 2416 150 2476 porum
174 2417 235 2460 non
258 2400 356 2461 solum
379 2408 535 2478 reparata,
561 2400 764 2460 verumetiam
792 2404 916 2457 extenta
944 2405 1005 2473 est,
1029 2418 1100 2461 cuca
1179 2392 1183 2397 ⁸

39 2498 190 2561 Lucullus
212 2497 328 2573 Asiam,
350 2498 512 2575 Pompeius
531 2498 717 2579 Hispaniam,
740 2495 852 2555 Cacsar
874 2492 1001 2555 Galliam
1022 2515 1099 2575 per-

41 2599 179 2673 domuit,
207 2596 439 2675 Romanumqnc
466 2597 628 2675 imperium
656 2612 755 2673 nsque
785 2592 823 2653 ad
846 2599 1000 2655 extremos
1022 2614 1099 2675 pro-

41 2697 209 2779 pemodum
233 2702 333 2757 terrae
356 2698 502 2761 terminos
523 2702 721 2776 propagatum
745 2700 797 2759 est
832 2691 917 2754 Hauc
933 2711 1014 2756 nunc
1029 2714 1100 2757 am-

42 2800 213 2877 plissimam
235 2796 442 2859 dilatationem
464 2798 635 2866 vastissima
656 2795 748 2857 ruina
768 2795 977 2871 consequitur.
1010 2794 1102 2875 Apud

43 2898 170 2959 Parthos
187 2897 268 2958 euim
286 2896 398 2959 Consul
414 2896 569 2959 Romanus
583 2896 744 2972 occiditur,
767 2894 986 2973 exercitusque
1009 2895 1100 2957 delc-

44 3005 113 3075 tur,
136 2997 358 3059 atrocissimum
385 2996 461 3059 illud
489 2998 612 3076 Pompei
640 3004 672 3059 et
700 2995 839 3057 Caesaris
865 2992 982 3055 bellum
1008 2995 1102 3057 civile

46 3097 220 3159 conseritur
243 3104 274 3157 et
295 3098 376 3159 inter
397 3096 474 3157 haee
495 3095 590 3157 Roma
613 3096 677 3175 ipsa
699 3093 862 3174 repentino
885 3104 1024 3173 correpta
1046 3100 1100 3157 in·-

47 3197 159 3259 cendic
181 3202 403 3259 concrematur.
441 3195 532 3257 Anno
547 3194 699 3272 siqnidem
715 3193 752 3253 ab
769 3192 852 3253 Urbe
867 3192 989 3253 condita
1004 3193 1101 3269 DCC,

48 3298 201 3359 incertum
223 3296 305 3357 uude
328 3302 503 3372 concretus,
524 3295 684 3375 plurimam
700 3291 790 3353 Urbis
805 3296 921 3369 partem
944 3291 1024 3371 ignis
1047 3293 1100 3353 iu*

47 3397 142 3473 vasit,
172 3413 275 3475 neque
302 3414 437 3473 unquam
465 3403 556 3457 autea
584 3400 670 3455 teuto
696 3389 840 3452 inccndio
868 3398 1037 3471 correptam
1065 3411 1102 3458 ae

50 3503 194 3559 vastatam
218 3495 372 3557 civitatem
400 3493 512 3557 serunt.
556 3494 631 3555 Nam
660 3491 891 3571 quatuordecim
917 3492 1003 3555 vicos
1031 3510 1102 3555 cum

51 3598 120 3658 vico
137 3596 262 3676 jugario
281 3602 456 3657 consumtus
472 3594 567 3657 fnisse
583 3594 749 3655 memoriae
757 3590 916 3671 proditum
931 3600 987 3653 ese
1023 3591 1103 3650 Hinc

49 3696 108 3775 jam
123 3696 238 3758 bell-um
254 3697 354 3759 civile
365 3696 573 3773 committitur,
596 3693 679 3774 quod
699 3693 817 3774 magnis
832 3689 1012 3770 jamdudum
1033 3687 1102 3748 dis·

52 3796 248 3860 sensicnibus
268 3799 305 3859 ac
328 3796 538 3861 molitionibus
560 3794 736 3876 parabatur..
