2634 4434
557 281 629 352 mr
690 227 728 246 „

430 529 619 669 depol
672 529 754 640 Hl
965 539 1118 648 'rou

75 748 248 816 otmarus
269 751 407 834 parando
429 750 476 815 ed
495 750 670 818 bominum
692 753 837 818 sulutem
862 753 984 835 natue,
1012 772 1099 838 qao-

53 939 59 948 ·
108 853 216 918 mode
237 853 351 918 stetim
373 857 539 937 uexatur,
561 854 605 919 de
625 855 756 938 tepenti
769 853 908 921 Romae
925 851 1018 939 seme
1040 857 1074 920 et

489 974 569 1038 yupt
588 973 687 1038 poce.

124 1102 248 1216 [Igitur
273 1141 355 1186 anno
377 1124 415 1184 ab
438 1123 520 1184 Urbe
543 1123 666 1185 condita
687 1123 824 1187 buculi.
846 1131 935 1187 natus
957 1133 1005 1188 est
1027 1125 1120 1188 Chri-

51 1232 146 1301 stus,
169 1223 333 1286 salutarem
358 1221 471 1284 mundo
497 1221 641 1303 adferens
667 1223 775 1303 fidem,
801 1243 877 1288 vere
906 1232 990 1304 petra
1020 1226 1120 1288 medio

50 1343 168 1386 rerum
190 1324 299 1401 posita,
323 1321 376 1384 ubi
397 1325 667 1401 comminueretur,
692 1327 745 1406 qui
764 1325 946 1403 offenderet,
970 1327 1023 1408 qui
1045 1343 1119 1388 ere-

49 1426 165 1499 deret,
186 1421 368 1483 salvaretur:
386 1440 460 1484 vere
477 1425 558 1504 ignis
572 1425 694 1502 ardens,
711 1445 766 1506 per
781 1428 953 1507 quem,⁴qui
968 1427 1120 1508 sequitur,

50 1524 267 1598 illuminatur,
284 1523 337 1600 qui
354 1529 459 1600 tentat,
476 1526 630 1586 exuritur:
658 1527 725 1605 ipse
740 1534 787 1589 est
803 1526 949 1605 Christus,
967 1527 1119 1590 Christia-

51 1641 175 1685 norum
203 1629 308 1703 eaput,
336 1623 469 1685 salvator
496 1624 662 1702 bonorum,
691 1626 837 1687 malorum
864 1628 1004 1705 punitor,
1021 1627 1121 1707 judex

54 1725 212 1799 omnium,
235 1724 290 1803 qui
312 1722 439 1785 formem
461 1723 673 1788 subsecuturis
695 1726 792 1788 verbo
812 1733 843 1788 et
863 1743 957 1806 opere
971 1733 1120 1803 statuens,

55 1842 127 1905 quo
149 1824 246 1904 magis
269 1823 396 1885 doceret
417 1825 569 1903 patientes
590 1827 623 1887 in
650 1826 933 1907 persecutionibus,
962 1845 1038 1908 quas
1065 1843 1119 1908 pro

54 1926 127 2002 vita
154 1931 279 1986 aeterna
307 1926 503 2004 exciperent,
532 1943 602 1989 esse
629 1934 787 2008 oportere,
822 1945 894 1989 mex
926 1934 960 1989 ut
990 1928 1120 2010 virginis

55 2033 154 2104 partu
179 2024 280 2086 editus
308 2025 422 2086 mundo
450 2025 604 2106 adparuit,
633 2028 671 2090 de
699 2028 891 2107 passionibus
918 2030 982 2092 suis
1009 2029 1119 2108 eoepit.

56 2125 202 2206 Namque
224 2143 294 2187 eum
317 2143 373 2186 rex
393 2124 530 2190 Judaeae
555 2126 710 2205 Herodes,
733 2129 825 2208 simul
846 2136 880 2189 ut
902 2137 1005 2190 natum
1029 2145 1118 2188 com-

56 2228 160 2306 perit,
187 2242 300 2288 necare
328 2225 481 2302 decrevit,
510 2225 720 2304 plurimosque
750 2234 824 2286 tune
856 2225 1014 2305 parvulos,
1048 2225 1120 2286 dum

57 2345 159 2388 unum
175 2327 354 2400 insectatur,
369 2325 490 2384 oceidit.
528 2324 606 2387 Hinc
628 2325 770 2404 malignis
792 2325 929 2407 improbe
952 2327 1119 2388 incurren-

57 2428 147 2488 tibus
162 2427 254 2506 digna
276 2424 394 2503 punitio
417 2428 470 2482 est.
507 2421 586 2483 Hine
608 2425 639 2484 in
663 2432 809 2501 quantum
833 2427 997 2504 tranquille
1020 2426 1121 2504 agitur

57 2527 198 2590 mundus
220 2522 412 2584 credentium
434 2521 547 2599 gratia,
570 2522 603 2582 in
626 2528 772 2600 quantum
796 2525 968 2603 perniciose
991 2525 1119 2602 inquie-

58 2635 164 2702 tatur,
186 2621 459 2701 blasphemantium
474 2638 582 2701 poena
604 2630 664 2686 est:
685 2626 803 2686 securis
826 2625 1003 2704 peremnia
1027 2622 1120 2684 chri-

60 2727 173 2791 stianis
196 2721 349 2807 fidelibus,
372 2721 484 2802 quibus
505 2729 559 2784 aut
580 2731 725 2786 aeternae
747 2727 829 2786 vitae
851 2726 976 2804 requies
996 2727 1028 2787 in
1043 2730 1120 2801 tuto,

61 2837 119 2890 aut
142 2825 233 2888 etiam
257 2822 348 2902 hujus
369 2823 401 2883 in
424 2821 511 2884 luere
534 2829 593 2886 est:
621 2824 703 2903 qued
726 2825 873 2904 promtius
896 2843 964 2886 cum
987 2841 1043 2904 per
1064 2840 1120 2884 or-

65 2931 170 2992 dinem
193 2923 336 2999 releram,
359 2923 433 3002 ipsis
454 2921 548 2984 rebus
570 2924 737 2987 estendam.
781 2926 941 3005 Postquam
968 2923 1122 2988 redemtor

65 3028 192 3104 mundi,
220 3025 369 3086 Dominus
395 3022 486 3084 lesus
515 3023 667 3100 Christus,
698 3026 783 3086 venit
810 3027 841 3086 in
866 3035 961 3089 terras
984 3034 1015 3089 et
1038 3027 1120 3089 Cae-

66 3130 146 3192 saris
166 3142 262 3189 censu
288 3124 364 3186 civis
386 3122 540 3184 Romanus
566 3124 736 3202 adscriptus
765 3111 840 3228 est}
833 3146 837 3177 ι
856 3125 926 3186 dum
954 3145 1010 3205 per
1038 3127 1120 3187 duo·

68 3231 180 3305 decim,
202 3233 237 3288 ut
260 3225 334 3303 dixi,
358 3240 455 3286 annos
477 3222 600 3285 clausae
622 3223 696 3284 belli
719 3230 824 3303 portae
847 3223 1020 3288 beatissima
1038 3225 1122 3305 pacis

68 3328 289 3408 tranquillitate
317 3324 514 3399 cohibentur3
551 3323 672 3402 Cajum,
705 3331 848 3404 nepotem
878 3342 982 3404 suum,
1012 3325 1124 3388 Caesar

70 3433 229 3511 Augustus
245 3428 288 3489 ad
305 3426 489 3488 ordinandas
506 3424 638 3505 Aegypti
656 3424 825 3505 Syriaeque
841 3428 1015 3505 provincias
1031 3428 1122 3504 misit,

71 3533 124 3612 qui
147 3530 336 3610 praeteriens
358 3525 395 3585 ab
419 3523 560 3614 Aegypto
587 3523 664 3585 fines
686 3525 872 3605 Palestinae,
900 3529 978 3607 apud
1007 3527 1122 3588 Hiero·
1168 3525 1275 3616 '‘³⁵5'‘
1305 3557 1310 3567 ·

72 3633 217 3712 solymam
247 3629 279 3689 in
301 3623 415 3705 templo
437 3624 495 3684 Dei
517 3629 591 3684 tune
613 3631 718 3685 sancto
742 3632 773 3687 et
795 3625 911 3689 celebri
933 3627 1012 3686 ado·
1036 3621 1123 3706 [458]
1229 3627 1232 3634 “

72 3749 141 3792 rare
163 3728 339 3804 contemsit,
367 3727 447 3788 sicut
476 3722 642 3786 Suetonius
669 3725 863 3805 Tranquillus
885 3743 918 3784 re
921 3722 989 3783 f.ert
1035 3723 1123 3795 Quod

73 3831 241 3912 Augustus,
263 3828 317 3890 ubi
339 3844 395 3907 per
416 3843 486 3887 eum
509 3826 668 3903 comperit,
690 3841 784 3902 pravo
804 3839 878 3884 usus
892 3821 1022 3903 judicio,
1044 3838 1123 3901 pru-

75 3931 183 3994 denter
205 3928 316 3992 leeisse
338 3925 501 3989 laudavit.
493 3907 622 4002 Itaque
643 3939 725 3984 anno
747 3922 866 4002 imperii
883 3920 1020 3983 Caesaris
1041 3929 1169 4001 qua-21
