2634 4434
656 351 745 459 tad*

586 453 728 463 ...μω-...-
749 453 792 458 ..-,.

164 588 305 651 turninus
327 595 358 649 et
382 576 524 650 Sauleius
548 594 579 651 et
600 589 754 651 Labienus
777 582 909 667 cogen‘tc
929 584 1026 646 llario
1048 587 1080 647 in
1103 588 1218 649 curiam

163 688 470 769 confugissent‚-per
491 690 612 769 equites
634 689 787 751 Romanos
809 687 943 749 ellraetis
966 685 1100 764 loribus,
1124 689 1219 749 occisi

163 796 243 852 suut.
288 788 320 850 (l.
345 787 470 851 Glaucia
497 796 652 852 extractus
675 808 693 851 e
716 790 806 852 domo
830 788 948 850 Claudii
971 788 1140 849 trucidatus
1163 795 1218 850 est.

162 890 272 951 Furius
294 889 435 951 tribunus
458 890 574 975 plebis,
602 890 681 952 bona
704 890 838 951 bmnium
862 888 1045 969 publicanda
1072 888 1218 951 decrevit.

164 990 216 1053 Cu.
239 990 408 1068 Dolabella,
433 990 588 1053 Saturnini
608 991 712 1067 irater,
728 1010 784 1071 per
798 987 897 1051 iorum
919 989 1073 1050 olitorium
1095 987 1218 1071 lugiens

163 1109 233 1153 cum
255 1090 288 1153 L.
313 1090 451 1173 Geganio
474 1092 655 1155 interiectus
678 1099 733 1155 est.
778 1091 884 1171 ltaque
912 1090 1090 1151 auctoribus
1116 1097 1218 1151 tantae

164 1188 250 1274 [334]
274 1192 434 1260 seditionis
457 1195 577 1272 occisis,
601 1193 690 1274 quies
706 1192 818 1272 populo
833 1190 899 1253 luit.
936 1190 1022 1251 Tunc
1038 1190 1111 1252 Cato
1127 1198 1218 1270 atque

163 1293 324 1373 Pompejus
344 1296 536 1375 rogationem
552 1295 591 1355 de
606 1293 708 1355 reditu
724 1292 838 1354 Metelli
854 1292 1006 1377 Numidici
1023 1292 1115 1353 totius
1131 1292 1218 1353 Urbis

163 1393 277 1473 gaudio
299 1394 546 1475 promulgarunt:
579 1412 658 1474 qrrae
686 1412 726 1455 ne
748 1393 953 1474 perterretur,
975 1390 1062 1453 diarii
1085 1392 1219 1455 consulis

165 1500 197 1555 et
217 1493 300 1555 Furii
328 1494 442 1556 tribuni
472 1495 570 1575 plebis
592 1494 778 1557 lectionibus
800 1496 1001 1557 intercessum
1026 1499 1080 1555 est.
1124 1492 1216 1554 Ruti-

164 1592 225 1655 lius
247 1611 384 1675 quoque,
406 1596 455 1657 vir
476 1596 705 1678 integerrimus,
728 1597 806 1658 adeo
829 1594 900 1657 lidei
915 1602 1008 1674 atque
1024 1594 1220 1656 innocentiae

165 1696 335 1758 constantia
369 1714 444 1759 usus
477 1704 540 1775 est,
568 1704 602 1759 ut
631 1699 682 1759 die
714 1698 774 1760 sibi
806 1696 844 1759 ab
877 1695 1108 1757 accusatoribus
1141 1694 1218 1756 diota

164 1797 324 1876 usquead
347 1799 554 1879 cognitionem
579 1817 682 1879 neque
704 1797 846 1877 capillum
872 1796 1038 1857 barbamve
1064 1796 1218 1876 promise-

163 1897 213 1972 rit,
237 1914 340 1977 ncque
362 1897 484 1960 sordida
507 1906 594 1961 veste
616 1899 764 1961 humilive
787 1897 892 1960 habitu
907 1895 1124 1977 suifragatores
1141 1912 1218 1955 con-

165 1996 287 2085 giliarit,
311 1998 451 2060 inimicos
473 1998 678 2078 permulserit,
696 1999 819 2079 judices
843 1998 1028 2078 temperarit,
1052 1998 1220 2058 orationem

165 2112 291 2176 quoique
324 2116 341 2159 a
372 2106 511 2179 praetore
541 2117 718 2162 concessam
746 2099 842 2161 nibilo
871 2100 1100 2161 submissiorem
1130 2115 1220 2176 quam

112 2204 116 2212 “
166 2196 300 2259 animum
330 2198 480 2262 babuerit.
527 2200 601 2263 Cum
635 2200 773 2263 evidenti
806 2208 1037 2281 oppugnaretur
1069 2197 1218 2259 calumnia

167 2303 199 2359 et
220 2299 366 2376 opinione
388 2301 538 2364 bonorum
561 2303 696 2365 omnium
718 2304 791 2384 jure
818 2301 1024 2364 absolvendus
1052 2305 1218 2380 putaretur,

166 2399 302 2479 perjurio
321 2401 459 2480 judicum
483 2403 704 2465 condemnatus
726 2409 787 2464 est:
819 2404 872 2482 qui
902 2402 1060 2483 Smyrnam
1088 2400 1218 2461 commi-

166 2515 259 2579 grans
281 2500 438 2566 literarum
461 2505 569 2566 studiis
592 2506 729 2570 intentus
752 2503 923 2566 consenuit.

168 2772 255 2871 [aaa]
480 2710 676 2894 caput
726 2752 903 2863 rtur
980 2853 984 2859 ,

168 2955 225 3022 De
251 2957 336 3024 dello
362 2962 497 3044 sociali,
524 2981 591 3045 quo
618 2961 733 3028 Italici
758 2965 876 3049 populi
901 2984 924 3029 a
945 2960 1113 3028 Romania
1134 2959 1222 3044 defi-

255 3060 385 3126 cientes
405 3062 625 3131 rebellarunt.
661 3062 749 3130 Item
772 3066 815 3131 de
835 3066 1001 3150 prodigiis
1021 3065 1140 3130 carita

255 3215 346 3278 Anno
368 3217 405 3280 ab
428 3218 509 3282 Urbe
532 3222 653 3284 condita
676 3221 802 3283 DCLlX.
826 3221 896 3283 Sex.
923 3219 1006 3282 lulio
1035 3219 1166 3282 Caesare
1194 3226 1224 3280 et
1305 3219 1306 3222 ’

169 3317 202 3379 L.
225 3316 338 3379 Marcio
361 3318 497 3401 Philippo
520 3322 709 3400 oonsulibus,
733 3322 886 3383 intestinis
906 3322 1006 3382 causis
1022 3320 1137 3382 sociale
1152 3319 1224 3381 bel-

170 3417 234 3478 lum
257 3424 320 3480 tota
342 3423 506 3483 commovit
528 3422 624 3502 ltalia,
647 3422 799 3504 siquidem
822 3423 926 3484 Livius
944 3422 1061 3483 Drusus
1084 3421 1225 3482 tribunus

172 3517 271 3597 plebis
302 3517 427 3581 Latinos
460 3537 565 3585 omnes
593 3541 647 3605 spe
676 3524 826 3587 libertatis
854 3523 990 3599 illectos,
1018 3539 1087 3581 cum
1116 3521 1226 3600 placila

173 3619 299 3700 explere
332 3636 394 3681 non
427 3630 547 3701 posset,
583 3626 614 3686 in
648 3643 731 3686 arma
765 3624 918 3687 excitavit.
962 3621 1007 3683 Eo
1036 3622 1168 3682 accessit
1195 3626 1226 3681 ut

172 3727 317 3783 maestam
348 3720 459 3783 Urbem
493 3724 631 3805 prodigia
665 3724 730 3786 dira
764 3728 923 3785 terrerent.
968 3722 1042 3783 Nam
1072 3720 1130 3782 sub
1159 3727 1227 3781 ortu

172 3820 245 3881 solis
274 3822 384 3901 globus
414 3824 494 3902 iguis
527 3834 558 3885 a¹
576 3824 706 3903 regione
741 3822 958 3903 septentrionis
992 3841 1061 3883 cum
1096 3821 1226 3881 maximo

174 3921 254 3983 coeli
269 3918 391 4002 fragore
407 3922 540 3985 emicuit.
577 3921 668 4002 Apud
683 3922 844 3985 Arretinos
860 3941 929 3985 cum
952 3940 1046 4001 panes
1068 3939 1124 4001 per
1146 3938 1226 3981 con-

173 4020 254 4081 vivia
282 4018 512 4101 frangerentur,
540 4039 632 4086 cruor
657 4042 675 4085 e
703 4024 812 4089 mediis
840 4023 970 4105 panibus
998 4022 1127 4103 quasia
1151 4021 1225 4083 vul·
1301 4091 1302 4102 χ

1309 1607 1311 1690 l

1308 1813 1312 1938 ι
