2634 4434
703 320 774 389 134

642 421 850 432 --—-——-—

212 577 301 624 caesa
329 560 378 622 sui
404 563 491 639 parte
513 555 674 637 ingerunt:
699 571 768 616 nam
791 552 849 616 tria
872 551 965 614 millia
988 569 1095 615 eornm
1120 559 1191 616 tunc
1212 557 1255 617 in·
1303 567 1304 576 ¹

210 660 341 724 teriecta
362 657 499 721 historici
522 656 655 737 tradunt,
678 656 760 735 quod
783 655 853 716 ideo
875 653 1109 734 ignominiosius
1125 657 1253 735 turpius·
1303 711 1304 716 ,

213 781 275 844 que
302 768 363 836 est,
392 765 451 818 tam
474 757 580 838 paucis
603 757 723 819 amissis
745 761 827 817 tanta
850 755 971 836 agmina
994 753 1172 836 diffugisse,
1194 757 1256 837 quia

212 881 248 926 se
274 863 306 924 in
333 858 401 921 aliis
427 857 565 919 victoriis
597 872 662 916 non
693 854 810 918 viribus
843 855 1012 916 animorum
1045 856 1255 935 praevaluisse,

213 962 269 1026 sed
284 958 435 1022 bellorum
451 955 654 1037 proventibus
669 955 876 1035 prodiderunt.
914 955 992 1029 Quis
1007 955 1102 1033 enirn,
1124 973 1209 1038 rogo,
1231 959 1257 1018 in

213 1061 353 1126 exercitu
374 1055 745 1123 Romanorumcredcret
767 1073 928 1119 numerum
951 1056 1043 1118 istum
1073 1053 1171 1120 fuisse
1199 1057 1255 1120 sal-

214 1170 291 1237 tem,
320 1175 381 1220 non
409 1159 479 1220 dico
507 1154 645 1240 fugisset
689 1157 760 1219 Posi
787 1157 865 1219 haec
886 1155 1056 1219 secundum
1079 1175 1150 1218 cum
1175 1157 1256 1220 Gallis

213 1259 362 1342 praelium
383 1265 505 1341 gestum
520 1264 578 1336 εει,
601 1257 632 1328 in
649 1274 711 1337 quo
726 1257 817 1337 plane
833 1257 1033 1338 quadraginta
1048 1255 1144 1320 millia
1160 1256 1256 1320 Gallo·

122 1360 129 1374 ¹
213 1379 281 1423 rum
304 1359 454 1422 trucidata
475 1365 555 1419 sunt.
600 1356 751 1437 Sequenti
776 1375 857 1420 anno
879 1356 1009 1420 Manlius
1029 1357 1208 1438 'Torquatus
1232 1363 1258 1438 et

213 1461 340 1524 Fulvius
353 1459 480 1522 Flaccus
495 1457 637 1520 consules
652 1458 742 1537 primi
759 1465 841 1520 trans
856 1457 968 1520 Padum
984 1457 1136 1521 Romanas
1151 1459 1258 1522 duxere

213 1561 363 1644 legiones.
395 1559 568 1640 Pugnatum
591 1565 639 1620 εει
660 1558 705 1620 ibi
726 1569 796 1620 cum
818 1557 997 1621 Insubribus
1009 1556 1114 1638 Gallis,
1139 1562 1258 1640 quorum

214 1659 377 1727 interiecta
391 1667 464 1722 sunt
479 1659 588 1741 viginti
603 1660 661 1721 tria
678 1659 783 1735 millia,
807 1659 946 1738 quinque
968 1659 1062 1722 millia
1083 1667 1170 1740 capta
1189 1664 1258 1722 sunt.

214 1763 260 1826 llo
282 1761 395 1825 deinde
415 1775 508 1836 anno,
531 1759 584 1838 qui
607 1758 679 1820 huic
701 1759 857 1839 proximus
880 1758 948 1838 luit,
971 1759 1036 1836 dira
1048 1760 1191 1822 miseram
1204 1758 1257 1820 Ur-

215 1864 286 1926 bem
301 1869 442 1922 terruera
456 1859 603 1939 prodigia.
640 1857 781 1922 Miseram
804 1861 923 1940 utiquc,
947 1879 1026 1940 quae
1048 1859 1120 1922 hinc
1144 1859 1258 1922 fremitu

215 1961 364 2036 hostium,
392 1957 465 2020 inde
491 1959 629 2037 nequitia
658 1958 840 2022 daemonum
868 1961 1058 2038 terrebatur,
1080 1975 1214 2041 namque
1233 1959 1258 2020 in

215 2062 328 2125 Piceno
360 2059 475 2120 flumen
506 2060 660 2140 sanguine
685 2059 813 2124 -ciiluxit
841 2067 872 2122 et
899 2062 988 2140 apud
1005 2061 1121 2124 Tuscos
1149 2059 1259 2123 coelun

215 2162 325 2226 ardere
351 2161 451 2222 risum
479 2166 526 2222 est
554 2167 586 2223 ει
613 2160 746 2224 Arimini
773 2167 863 2222 nocte
897 2160 990 2222 multa
1022 2161 1122 2224 lucem
1158 2159 1258 2224 claram

216 2261 369 2326 effulsisse
390 2276 427 2321 ac
449 2265 512 2322 tres
533 2261 622 2325 lunas
644 2261 825 2326 distantibus
848 2259 928 2320 coeli
950 2261 1131 2342 regionibns
1146 2267 1259 2324 exortas

216 2361 402 2444 adparuisse.
446 2360 532 2423 Tunc
564 2379 689 2444 quoque
721 2375 832 2440 magno
864 2365 966 2422 terrae
999 2349 1083 2421 motu
1117 2360 1206 2423 Caria
1235 2365 1258 2420 et

215 2461 341 2526 Rhodus
362 2461 482 2524 insulae
502 2463 580 2526 adeo
601 2475 771 2524 concussae
797 2467 884 2538 sunt,
913 2467 947 2522 ut
974 2459 1149 2522 labentibus
1177 2460 1257 2540 vulgo

218 2560 308 2638 [251]
337 2564 426 2625 tectis
452 2565 562 2646 ingens
589 2577 715 2641 qnoque
743 2559 796 2623 ille
824 2560 968 2624 colossus
995 2567 1108 2624 rueret.
1153 2561 1257 2624 Eodem

216 2680 298 2725 anno
326 2663 491 2727 Flaminius
519 2661 585 2722 cos.
613 2660 775 2722 contemtis
807 2661 963 2740 auspiciis,
996 2661 1109 2742 quihus
1131 2675 1258 2744 pugnare

216 2763 451 2843 prohibebatur,
477 2761 640 2823 adversum
670 2757 772 2821 Gallos
799 2759 938 2822 conflixit
965 2769 996 2824 ει
1023 2763 1104 2824 vicit.
1150 2761 1193 2823 lrs
1206 2775 1257 2840 quo

216 2863 299 2927 bello
321 2880 433 2925 novem
454 2860 549 2922 millia
570 2859 724 2922 Gallorum
748 2877 847 2938 caesa,
871 2860 977 2924 decem
1001 2869 1033 2926 ει
1052 2869 1172 2941 septem
1194 2859 1257 2921 mil·

216 2963 257 3026 lia
278 2970 365 3042 capta
386 2967 467 3022 sunt.
511 2960 662 3023 Posthac
684 2959 829 3023 Claudius
851 2963 959 3024 consul
982 2961 1180 3026 Gaesatorurn
1206 2960 1256 3022 tri·
1303 2997 1304 3012 ι

215 3065 300 3146 ginta
323 3058 416 3121 millia
439 3058 569 3137 delevit,
598 3061 651 3122 ubi
675 3060 766 3124 etiarn
788 3063 855 3143 ipse
877 3062 1088 3124 virdomarum
1107 3079 1210 3145 regem
1231 3059 1257 3120 in

215 3161 342 3241 primam
365 3159 463 3222 a'ciem
485 3177 666 3243 progressus
686 3162 810 3226 occidit:
832 3170 864 3225 ει
879 3163 960 3224 inter
975 3163 1256 3234 multalnsubrinn,

216 3278 294 3340 quos
316 3259 354 3324 ad
376 3259 563 3324 deditionem
584 3267 746 3345 coegerat,
776 3262 885 3343 oppida
911 3262 1115 3327 hlcdiolanum
1143 3275 1256 3344 quoquc

215 3361 323 3423 urbem
352 3359 595 3424 florentissimam
619 3364 706 3445 cepit
752 3361 871 3424 Deinde
893 3361 962 3424 lstri
984 3365 1058 3426 novi
1079 3363 1183 3427 hostes
1203 3377 1254 3422 ex-

216 3462 300 3522 citati
333 3468 420 3538 snut,
454 3479 532 3540 quos
561 3463 721 3526 Cornelius
749 3461 963 3544 Minuciusque
992 3465 1136 3528 consules
1172 3458 1256 3523 multo

216 3562 341 3642 quidem
373 3559 577 3624 Romanorum
609 3563 761 3644 sanguine
794 3562 991 3645 subegerunt.
1019 3564 1186 3646 -Emergit
1214 3558 1256 3619 hio

215 3660 372 3743 paululum
395 3660 540 3741 antiquus
562 3660 615 3723 ille
641 3661 846 3724 Romanorum
869 3644 1148 3743 improbaelauudis
1175 3660 1255 3725 etiam

216 3763 256 3824 de
288 3758 458 3841 parricidiis
489 3761 651 3839 adpetitus.
693 3759 769 3822 Nam
801 3761 911 3824 Fabius
944 3764 1110 3828 censorius
1143 3761 1256 3826 Fabium

214 3859 385 3924 Buteonem
407 3859 501 3920 lilium
524 3875 613 3920 suum
636 3858 710 3921 furti
732 3861 939 3925 insimulatum
959 3864 1126 3944 interiecit,
1141 3864 1255 3945 dignun

215 3959 336 4022 scilicet
354 3957 490 4033 lacinus,
511 3958 595 4036 quod
609 3965 696 4037 pater
711 3961 761 4024 vel
778 3962 939 4041 parricidio
955 3965 1149 4045 plectendum
1166 3964 1254 4026 duce-
