2634 4434
543 312 627 382 301·
695 311 696 316 ’

480 411 688 424 *na—¹·—

198 617 204 628 ·
264 548 461 687 daput
510 541 808 680 XXXII.
1019 597 1108 680 [5481

53 785 132 853 nra.
161 783 322 853 Valerius
347 784 611 854 Valentinianus
634 784 719 869 Imp.
742 781 843 851 Caes.
865 781 1011 870 Auptrat.
1034 793 1130 860 crem¹

129 886 270 956 Valente
292 885 412 973 fratre.
455 887 578 973 Deque
600 884 773 954 Gratiano
786 888 862 969 jnm
885 881 1050 954 Caesare.

143 1060 235 1123 Anno
257 1060 295 1122 ab
318 1060 400 1122 Urbe
427 1058 549 1120 condita
576 1055 734 1118 noxvln.
758 1053 991 1120 Valentinianus
1021 1066 1111 1122 octa-

53 1178 120 1222 vus·
140 1167 172 1222 et
193 1162 370 1243 trigesimus
392 1158 473 1238 apud
487 1157 630 1218 Nicaeam
653 1173 807 1218 consensu
828 1157 956 1218 militurn
972 1158 1111 1240 Impera-

53 1267 104 1322 tor
130 1269 252 1323 creatus
275 1267 336 1337 est,
365 1259 537 1340 mansitque
559 1258 591 1318 in
614 1273 652 1319 eo
674 1257 762 1318 annis
785 1257 943 1320 undecim:
967 1261 1112 1340 quicum

56 1360 253 1422 Christianus
275 1360 394 1442 integra
421 1358 481 1422 fide
507 1365 731 1422 sacramentum
760 1357 886 1420 militiae
913 1368 1054 1440 gereret,
1083 1370 1139 1426 et‘

53 1461 117 1522 sub
141 1458 263 1521 Juliano
289 1459 430 1542 Augusto
458 1461 598 1522 tribunus
625 1459 828 1522 scutariorum
854 1461 959 1541 jussus
987 1462 1024 1524 ab
1048 1463 1114 1526 lm-

54 1567 203 1641 peratore
218 1561 369 1643 sacrilego
384 1569 437 1624 aut
453 1561 609 1645 immolare
625 1560 725 1636 idolis,
749 1567 801 1620 aut
821 1561 927 1621 militia
950 1565 1114 1644 excedere,

55 1661 195 1724 fideliter
221 1663 324 1724 sciens
351 1669 383 1724 et
410 1662 552 1744 graviora
581 1661 639 1721 Dei
673 1677 742 1721 esse
772 1660 889 1742 judicia
922 1668 953 1722 et
990 1664 1116 1728 meliora

58 1762 223 1841 promissa,
243 1770 353 1842 sponte
375 1763 524 1825 discessit.
557 1761 616 1838 -lta,
638 1779 732 1841 parva
755 1761 915 1843 interjecta
938 1781 1032 1842 mora,
1054 1766 1115 1829 Ju-

59 1864 147 1925 liano
169 1861 348 1941 interfecto,
377 1882 413 1925 ac
436 1880 507 1924 rnox
527 1861 658 1924 Joviano
682 1869 816 1939 mortuo,
841 1864 894 1942 qui
917 1881 971 1943 pro
993 1869 1118 1930 nomine

62 1963 177 2025 Christi
198 1966 342 2026 amiserat
364 1965 567 2042 tribunatum,
590 1963 783 2025 retribuente
807 1963 940 2043 Christo,
965 1967 1119 2032 inlocum

61 2058 271 2144 persecutoris
291 2065 340 2128 sui
362 2067 481 2146 accepit
502 2064 679 2146 imperium:
702 2066 754 2146 qui
771 2073 875 2144 postea
891 2065 1014 2128 fratrem
1031 2088 1120 2131 suum

62 2164 224 2226 Valentem
247 2167 423 2245 participem
446 2165 521 2227 lecit
542 2167 681 2243 imperii,
706 2173 736 2224 et
751 2166 931 2242 Procopium
957 2173 1120 2244 tyrannum

62 2266 233 2347 pluresque
261 2273 367 2344 postea
397 2265 545 2327 satellites
572 2265 640 2345 ejus
668 2263 787 2324 occidit.
831 2263 1045 2327 Terraemotus
1068 2287 1123 2348 per

63 2374 164 2429 toturn
186 2365 292 2427 orbem
315 2364 414 2427 factus
436 2367 478 2426 ita
500 2365 652 2424 turbatum
678 2381 802 2442 quoque
824 2363 951 2444 pelagus
975 2371 1121 2444 excussit,

63 2476 99 2531 ut
125 2484 182 2548 per
208 2467 326 2536 vicinas
353 2472 502 2525 terrarum
531 2464 746 2542 campestrium
775 2470 875 2542 partes
909 2463 1014 2526 refuso
1049 2470 1124 2529 mari

63 2570 219 2650 plurimae
246 2565 415 2626 insularum
442 2563 536 2627 urbes
563 2569 736 2626 concussae
765 2569 796 2626 et
823 2563 969 2626 subrutae
997 2568 1125 2646 periisse

64 2668 252 2732 referantur.
295 2663 408 2726 Valens
430 2665 467 2726 ab
490 2665 630 2733 Eudoxio
645 2665 820 2745 Episcopo,
846 2664 953 2726 Ariani
977 2667 1125 2748 dogmatis

66 2770 245 2844 adsertore,
275 2772 306 2827 et
328 2765 498 2846 baptizatus
521 2775 553 2828 et
573 2782 738 2847 persuasus
761 2767 792 2826 in
815 2767 1022 2828 saevissimam
1046 2769 1129 2832 hae*

62 2871 163 2932 resim
197 2868 380 2930 declinavit:
415 2869 470 2930 sed
503 2868 665 2950 malignam
699 2865 930 2930 insectationem
960 2867 1012 2928 diu
1041 2865 1127 2954 [549]

68 2971 166 3048 texit,
193 2959 429 3032 nee'votuntati
457 2977 638 3050 potestatem
667 2969 845 3046 admiscuit,
872 2969 973 3050 quoad
995 2971 1154 3036 viventis‘

70 3071 175 3133 fratris
207 3073 388 3133 auctoritate
421 3087 614 3150 compressus
647 3077 704 3131 est.
750 3068 1019 3151 Contemplabatur
1045 3076 1129 3136 enim

10 3162 14 3172 ’
72 3172 112 3234 de
136 3189 190 3249 eo,
220 3179 363 3252 quantam
391 3171 453 3232 vim
481 3172 513 3232 in
542 3170 719 3232 ulciscenda
747 3169 807 3231 fide
837 3169 1004 3252 Imperator
1026 3183 1129 3254 posset

73 3291 239 3350 exercere,
267 3273 321 3352 qui
349 3279 462 3334 tantam
491 3271 692 3333 constantiam
711 3283 769 3351 'pro
791 3272 952 3334 retinenda
975 3278 1129 3355 quondam

74 3373 164 3434 iniles
195 3373 360 3435 habuisset.
416 3372 530 3433 Horum
564 3381 658 3434 arunox
678 3373 798 3452 imperii
832 3375 922 3434 tertio
956 3375 1130 3455 Gratianus,

74 3473 282 3537 Valentiniani
302 3471 393 3550 fitius,
409 3471 577 3553 Imperator
598 3480 645 3535 est
667 3472 773 3535 iactus.
811 3471 926 3536 Eodem
948 3494 1029 3538 anno
1052 3479 1131 3555 apud

77 3575 238 3637 Atrebates
267 3591 340 3634 vera
373 3573 443 3636 lana
472 3575 514 3636 de
547 3574 681 3636 nubibus
714 3574 836 3655 pluviae
869 3577 962 3636 mixta
996 3575 1131 3636 defluxit.

77 3677 237 3738 Praeterea
259 3674 473 3754 Athanaricus,
496 3673 750 3758 rex‘Gothorum,
771 3676 960 3738 Christianos
984 3674 1015 3734 in
1037 3682 1132 3753 gente

79 3797 133 3842 sua
149 3777 360 3842 crudelissime
375 3785 566 3858 persecutus,
589 3778 736 3858 plurimos
758 3775 955 3838 barbarorum
980 3773 1018 3834 ob
1041 3771 1132 3834 fidem
1242 3858 1245 3864 Ι

79 3878 258 3944 interlectos
280 3880 317 3940 ad
341 3895 484 3941 coronam
507 3881 644 3959 inartyrii
666 3875 851 3950 sublimavit,
875 3889 1004 3950 quorum
1032 3879 1132 3951 tamen

79 3981 201 4062 plurimi
224 3982 255 4041 in
277 3979 445 4042 Romanum
468 3973 574 4040 solum
596 3994 658 4038 non
687 3974 814 4052 trepidi,
841 3970 927 4034 velut
954 3973 991 4035 ad
1019 3974 1133 4052 hostes,

392 4101 394 4103 ’
606 4087 610 4092 ·
947 4089 981 4138 no
