2634 4434
654 313 729 383 274

590 411 793 427 -ρ-α-ι--ο

119 557 128 563 ’
165 550 369 614 consessionis
391 551 507 633 nemini
531 557 658 611 mortem
672 567 798 630 gravem
814 567 851 610 uc
865 547 1092 611 formidolosam
1110 550 1228 627 videri,

164 653 321 731 rescriptis
342 651 424 713 illico
440 650 610 712 lenioribus
625 650 807 729 temperavit
822 651 964 712 edictum.
1002 650 1231 712 Verumtamen

165 755 312 815 continuo
333 751 447 814 Romae
469 770 563 814 aurea
585 753 703 829 domus,
726 771 744 814 e
765 749 889 814 Nerone
914 751 985 814 totis
1008 751 1135 832 privatis
1158 769 1229 831 pu-

164 854 317 937 blicisque
332 854 425 915 rebus
441 853 586 932 impensis
609 852 742 926 condita,
764 853 927 931 repentino
949 850 1153 932 conflagravit
1167 853 1229 914 in-

165 955 291 1032 cendio,
314 961 349 1016 ut
370 953 597 1034 intelligeretur
619 953 710 1014 misse
733 953 823 1014 etiam
846 951 884 1013 ab
906 951 966 1013 alio
990 953 1168 1030 persecutio
1194 953 1229 1013 in

164 1054 260 1134 ipsius
283 1057 439 1135 potissime
463 1056 684 1130 monumentis,
708 1072 725 1116 a
747 1070 809 1134 quo
831 1054 962 1132 primum
990 1059 1098 1114 exorta
1128 1060 1228 1130 esset,

165 1163 258 1236 atque
280 1159 312 1218 in
339 1156 405 1240 ipso
433 1163 560 1217 auctore
587 1155 697 1234 puniri.
739 1155 939 1216 Terraemotu
967 1161 1107 1248 quatuor!
1127 1153 1229 1216 urbes

165 1256 258 1320 Asiae
280 1259 458 1335 subversae,
482 1255 586 1333 llelea,
609 1255 738 1337 Myrina,
761 1255 875 1332 Pitane,
900 1253 991 1336 Syme
1019 1261 1051 1316 ct
1072 1253 1227 1316 Graeciae

167 1359 308 1420 civitates
341 1360 437 1435 duae,
470 1357 674 1436 Opuntiorum
708 1330 740 1417 el
771 1354 935 1417 Oritcrum.
979 1355 1054 1418 Tres
1083 1353 1225 1416 Galatiae

166 1459 307 1520 civitates
328 1459 437 1520 eodem
460 1463 646 1540 terraemotu
669 1457 796 1519 dirutae.
838 1455 992 1518 Pantheon
1015 1455 1133 1516 Romae
1155 1453 1225 1516 lul-

167 1560 250 1620 mine
272 1565 514 1632 concrematum
538 1559 751 1620 'terraemotus
779 1557 971 1620 Antiochiam
1001 1575 1101 1637 paene
1129 1562 1225 1618 totam

166 1659 287 1721 subruit
301 1659 465 1722 civitatem.
498 1659 675 1723 Incredibili
691 1658 803 1722 deinde
820 1666 902 1720 motu
918 1657 976 1720 sub
997 1675 1061 1719 uno
1083 1663 1226 1737 tempore

165 1759 290 1840 ludaei,
319 1762 406 1840 quasi
432 1760 518 1822 rabie
546 1761 681 1838 efferati,
709 1779 764 1840 per
789 1760 925 1822 diversas
948 1767 1097 1820 terrarum
1121 1764 1225 1838 partes

167 1868 356 1922 exarserunt.
400 1859 475 1921 Nam
504 1868 536 1922 et
563 1876 618 1940 per
646 1868 738 1922 totam
765 1861 890 1942 Libyam
924 1860 1073 1923 adversus
1105 1857 1227 1921 incolas

167 1962 355 2022 atrocissima
387 1961 469 2023 bella
502 1969 681 2043 gesserunt:
721 1979 800 2041 quae
833 1962 910 2022 adeo
943 1967 1017 2022 tunc
1050 1956 1225 2021 interfectis

167 2057 254 2142 [488]
278 2060 446 2122 cultoribus
469 2061 605 2123 desolata
626 2067 684 2138 est,
706 2067 740 2123 ut
762 2061 822 2122 nisi
844 2067 949 2142 postea
969 2061 1141 2123 Hadrianus
1157 2057 1223 2118 lm-

166 2166 290 2241 perator
311 2160 455 2223 collectas
480 2161 606 2223 aliunde
633 2161 769 2224 colonias
798 2159 1095 2239 illuededuxisset,
1125 2175 1226 2220 vacua

168 2261 290 2341 penitus
316 2268 397 2322 terra
425 2262 533 2324 abraso
558 2261 728 2324 habitatore
752 2264 920 2328 mansisset.
957 2262 1131 2344 Aegyptum
1149 2274 1226 2322 vero

168 2367 260 2421 totam
284 2367 316 2422 et
338 2360 489 2442 cyrenem
512 2369 543 2423 et
567 2361 724 2424 Thebaida
754 2357 890 2424 cruentis
917 2361 1120 2424 seditionibus
1151 2365 1225 2420 tur-

168 2459 326 2526 baverunt.
370 2462 405 2524 ln
427 2463 614 2525 Alexandria
635 2470 736 2525 autem
760 2464 922 2525 commisso
948 2462 1062 2542 praelio
1090 2460 1166 2521 victi
1194 2463 1227 2518 et

169 2561 271 2624 adtriti
300 2570 380 2626 sunt.
424 2563 458 2624 ln
488 2563 705 2644 Mesopotamia
736 2581 860 2644 quoqne
887 2561 1108 2625 rebellantibus
1134 2559 1227 2639 jussu

169 2661 363 2743 Imperatoris
387 2663 500 2726 bellum
523 2665 639 2726 illatuur
664 2672 718 2727 est.
754 2664 861 2749 ltaque
885 2663 977 2726 multe
1000 2662 1098 2725 millia,
1117 2676 1225 2724 eorum

171 2770 254 2826 vasta
276 2765 371 2826 caede
398 2764 499 2826 deleta
526 2772 606 2830 sunt,
651 2765 732 2828 Sane
754 2765 958 2842 Salaminam,
985 2764 1095 2826 urbem
1122 2761 1225 2840 Cypri,

170 2863 341 2928 interfectis
362 2867 504 2933 omnibus
526 2866 640 2929 accolis
662 2866 852 2928 deleverunt.
894 2867 1057 2947 Trajanus,
1088 2869 1122 2925 ut
1148 2861 1225 2942 qut-

171 2966 239 3028 dam
255 2966 368 3042 lerunt,
384 2968 463 3046 apud
480 2966 664 3045 Seleuciam,
680 2965 814 3029 Isauriae
829 2965 948 3044 urbem,
971 2964 1121 3046 prolluvio
1141 2979 1226 3026 ven·

171 3067 226 3131 tris
249 3052 419 3130 exstinctus
441 3073 495 3130 est

508 3237 894 3508 deputlllll.

255 3526 377 3593 Aelius
399 3525 603 3595 Hadriacos
624 3525 769 3609 Caesar,
791 3528 933 3612 musque
954 3528 1145 3608 imperium.
1229 3612 1233 3620 ι

258 3683 349 3746 Anno
372 3683 410 3746 ab
425 3683 507 3746 Urbe
529 3685 651 3747 condita
665 3681 882 3745 DCCCLXVll.
905 3683 1087 3759 Hadrianus,
1110 3697 1226 3744 conso·

173 3785 255 3847 briei
282 3785 403 3865 'l'rajani
432 3783 528 3862 lilius,
561 3783 762 3846 duodecimus
789 3784 828 3846 ab
856 3783 998 3866 Augusto
1025 3782 1227 3862 principatum

174 3885 313 3964 adeptas,
334 3875 401 3946 und
418 3891 451 3946 et
469 3886 582 3966 viginti
603 3884 693 3945 annis
715 3885 882 3964 imperavit.
927 3883 983 3946 llic
1003 3901 1061 3963 per
1083 3883 1226 3956 Quadra·

155 3989 255 4062 tiam,
283 3984 465 4063 discipulum
487 3983 719 4064 Apostolorum,
752 3992 785 4047 et
806 3985 971 4048 Aristidem
994 3983 1228 4060 Atheniensem,
