2634 4434
552 331 622 408 177

482 432 690 442 man—...-

63 564 150 625 etiam
180 562 302 643 praeliis
328 566 444 647 victus,
472 566 551 629 vidit
571 572 735 648 praesente
756 583 791 629 se
813 574 846 629 et
865 570 978 631 vastari
999 568 1112 634 Numi·

27 655 33 660 ’
61 664 137 725 diam
162 682 247 727 suam
271 665 301 726 et
323 682 384 725 non
412 682 503 745 posse
531 666 673 730 delendi:
710 686 726 729 a
760 684 822 749 quc
855 667 894 729 ad
925 668 1113 733 deditionem

60 771 199 841 coactae,
226 772 382 829 trecentos
410 767 533 831 obsides
561 768 660 846 dedit,
694 766 882 829 trumentum
911 776 1005 849 atque
1036 770 1115 831 alios

59 871 247 927 commeatus
275 868 500 945 persoluturum
528 886 598 931 sese
625 870 803 949 spopondit,
833 869 888 931 tria
915 867 1114 951 perfugarum

58 966 188 1045 amplius
217 966 310 1029 millia
339 968 480 1033 reddidit.
524 970 603 1031 Exin
631 988 701 1033 cum
729 971 867 1032 incertus
893 970 927 1032 in
956 988 1032 1050 pace
1058 971 1114 1032 in-

58 1066 171 1144 probos
205 1083 265 1129 non
302 1067 462 1131 cohiberet
494 1087 660 1147 excursus,
695 1069 726 1132 G.
758 1069 847 1131 illarii
879 1070 1015 1133 consulis
1051 1087 1116 1131 non

58 1166 178 1227 minore
194 1185 302 1247 paene,
325 1185 415 1246 quam
438 1170 503 1248 ipse
525 1170 683 1250 praeditus
704 1177 782 1247 erat,
804 1172 925 1247 astutia,
947 1169 1114 1232 Romanis-

58 1284 119 1344 que
149 1268 267 1329 viribus
294 1266 408 1331 tractus
437 1276 498 1331 est:
529 1271 661 1333 maxime
688 1277 848 1352 postquam
870 1270 985 1332 Marius
1006 1269 1114 1332 urbem

58 1364 203 1446 Capsam,
231 1368 269 1429 ab
292 1367 424 1431 Hercule
446 1369 599 1433 Phoenice
621 1371 668 1451 (ut
689 1371 806 1451 ferunt)
828 1372 996 1449 conditam,
1018 1371 1115 1453 regiis

56 1474 133 1528 tunc
160 1468 311 1529 thesauris
338 1468 608 1550 confertissimam,
638 1472 709 1535 dolo
736 1473 938 1534 circumvenit
966 1478 998 1533 et
1024 1472 1114 1552 cepit.

55 1565 211 1627 Diffidens
233 1567 345 1627 deinde
367 1571 497 1649 propriis
519 1571 612 1633 rebus
635 1580 667 1633 et
686 1572 804 1633 viribus
828 1571 979 1651 iugurtha
1007 1573 1114 1633 socie-

55 1673 152 1728 tatem
177 1684 246 1727 cum
270 1666 391 1729 Boccho
413 1667 586 1731 Maurorum
610 1687 686 1751 rege
707 1669 791 1746 fecit,
815 1670 903 1749 cujus
922 1672 1061 1749 equitatu
1082 1672 1116 1731 in

57 1768 234 1828 inmensum
262 1774 371 1831 auctus
396 1768 564 1832 Marianum
595 1770 766 1832 exercitum
788 1769 983 1831 creberrimis
1005 1771 1115 1831 incur-

57 1866 199 1929 sionibus
220 1866 367 1947 fatigavit.
410 1868 566 1932 Postremo
588 1870 669 1950 apud
684 1870 810 1947 cirum,
830 1867 938 1931 urbem
960 1870 1117 1949 antiquam

57 1966 245 2031 Masonissae
267 1969 399 2049 regiam,
423 1970 569 2033 adversus
591 1969 745 2033 Romanos
766 1971 1025 2051 expugnationem
1048 1970 1117 2052 ejus

58 2076 202 2149 parantes
238 2071 397 2151 sexaginta
431 2070 566 2133 millibus
599 2071 738 2150 equitum
770 2072 938 2133 instructus
971 2071 1116 2133 occurrit.

58 2169 224 2249 Nunquam
249 2168 311 2231 ulla
332 2170 468 2233 Romano
492 2171 578 2233 militi
601 2171 819 2234 tumultuosior
839 2188 943 2253 pngna
964 2177 997 2232 et
1019 2171 1115 2231 terri-

58 2270 154 2333 bilior
175 2267 249 2351 fuit,
276 2270 353 2333 adeo
381 2277 416 2363 ut
443 2273 583 2334 discursu
606 2279 638 2333 et
659 2270 784 2334 fremitu
806 2273 1000 2333 circumcur-
1025 2266 1115 2346 [323]

58 2372 192 2433 santium
216 2380 247 2433 et
269 2372 479 2452 impetentium
503 2373 641 2452 equitum
668 2373 832 2433 suscitatus
861 2370 963 2450 pulvis
995 2371 1117 2433 coelum

59 2472 271 2551 subtexuerit,
295 2474 375 2535 diem
398 2473 563 2549 ademerit,
593 2479 779 2549 noctemque
807 2470 987 2546 obduxerit,
1016 2477 1118 2531 tantus

59 2580 165 2634 autem
187 2573 316 2636 telorum
340 2572 461 2634 nimbus
484 2572 645 2653 ingruerit,
668 2570 808 2632 utnulla
831 2587 900 2650 pars
921 2570 1058 2649 corporis
1079 2568 1119 2631 alt

61 2674 128 2735 ictu
155 2680 220 2735 tuta
248 2681 345 2752 esset,
377 2674 489 2754 quippe
518 2673 630 2754 quihus
651 2681 684 2735 et
705 2673 789 2735 visus
810 2672 848 2734 ad
871 2670 1118 2752 prospiciendum

61 2774 273 2855 inpedimento
307 2776 464 2857 caliginiS,
501 2782 533 2838 et
565 2774 720 2855 expeditio
753 2774 790 2835 ad
823 2772 995 2835 cauendum
1027 2789 1117 2833 com-

62 2875 224 2955 pressione
247 2877 449 2940 multitudinis
473 2878 587 2940 deerat.
632 2874 697 2937 Nec
722 2873 880 2936 laborabat
907 2888 1004 2953 eques
1026 2870 1118 2933 llan-
1202 2948 1215 2965 .

62 2994 117 3039 rus
139 2996 177 3039 ac
197 2975 345 3054 Numida,
367 2984 401 3039 ut
423 2978 503 3041 bene
526 2977 708 3040 collocatum
730 2976 848 3039 hostem
872 2981 1043 3055 opportuno
1065 2972 1119 3035 teli

64 3080 183 3159 impetu
210 3079 387 3155 rimaretur,
417 3079 471 3141 sed
500 3078 602 3157 potius
631 3078 664 3138 in
690 3078 842 3139 incertum
865 3076 926 3155 pila
947 3075 1119 3150 mittebant,

65 3180 144 3242 certi
168 3178 250 3258 quod
272 3178 402 3241 vulnera
423 3179 541 3240 incerta
560 3194 622 3240 non
645 3183 758 3239 esseut.
794 3176 839 3236 lta
858 3176 957 3237 coacti
976 3176 1120 3235 inunum

63 3280 196 3342 Romani
218 3281 350 3359 equites,
373 3280 523 3342 inunum
546 3278 666 3359 pedites
688 3275 902 3339 densabantur.
939 3274 1120 3353 lntercape-

67 3382 171 3443 dinem
194 3381 270 3441 tanti
293 3379 422 3460 periculi
444 3398 507 3443 nox
522 3380 734 3442 interveniens
749 3376 841 3438 dedit.
872 3373 986 3438 Eadem
1000 3382 1122 3456 postera

68 3482 119 3543 die
135 3488 169 3543 et
182 3480 256 3541 belli
278 3487 309 3542 et
329 3480 459 3561 periculi
481 3480 583 3545 facies.
621 3479 790 3559 Erumpere
812 3479 843 3539 in
865 3475 984 3539 hostem
1007 3496 1121 3558 quam-

68 3584 116 3645 vis
139 3582 246 3644 stricto
269 3582 356 3643 miles
378 3581 480 3663 gladio
504 3599 564 3643 non
587 3580 726 3643 valebat:
756 3579 877 3641 eminus
905 3579 987 3639 enim
1010 3578 1122 3658 jaculis

69 3682 286 3764 repellebatur.
328 3682 447 3763 Fugere
470 3700 531 3745 non
553 3690 687 3763 poterat,
716 3682 853 3761 undique
881 3680 962 3741 enim
986 3676 1124 3739 velocior

72 3786 109 3847 ad
132 3783 381 3868 persequendum
403 3801 500 3863 eques
523 3784 698 3847 incluserat.
734 3782 800 3844 lam
823 3780 913 3860 tertia
935 3778 1012 3852 dies,
1035 3770 1123 3857 [324]

72 3892 104 3947 et
138 3886 255 3947 nullum
286 3884 493 3966 undecunque
520 3884 715 3966 suffragium,
748 3884 814 3943 dira
846 3878 985 3955 undique
1019 3878 1125 3938 mortis

73 3985 167 4051 facies
191 3986 405 4068 objiciebatur,
428 3985 549 4049 tandem
572 3984 686 4048 llarius
701 3979 809 4045 consul
824 3976 899 4040 sorti.
911 3976 1124 4059 desperatione
