2634 4434
551 351 620 419 121

480 451 687 462 ——-.—-.....

65 581 155 662 ipsius
188 580 273 644 urhis
306 583 546 677 specularentur.
594 584 749 667 AdJ'icitur
779 587 993 666 praesentibus
1026 589 1112 654 malis

65 683 175 753 tristior
197 681 283 746 lama.
327 682 402 746 Nam
430 692 462 746 et
489 685 570 766 apud
598 685 733 751 Siciliam
763 686 886 756 deletus
912 702 981 754 cum
1009 689 1112 768 impe·

62 789 160 846 ratore
175 780 321 847 Afrorum
337 785 492 848 exercitus
507 788 686 850 nunciatur:
712 804 802 868 quem
825 805 936 856 revera
957 789 1118 857 ineantur

63 900 96 942 ao
121 901 221 962 paene
248 883 380 946 otiosum
408 885 567 961 einander
594 888 773 970 Agathoclis
795 886 891 958 irater
912 897 1113 969 oppresserat.

63 981 125 1052 lloc
150 1001 207 1065 per
232 990 326 1046 totam
353 984 488 1060 Africam
515 1006 641 1053 rumora
669 989 810 1068 disperso·
839 1007 901 1055 non
935 988 1120 1058 tributariae·

62 1089 176 1147 tantum
199 1083 292 1162 urbes
314 1085 355 1156 ab
374 1085 433 1164 his,
455 1105 563 1162 veram
586 1090 683 1161 etiarn
700 1089 779 1159 sccii
798 1107 890 1171 roges
912 1088 1112 1158 deficiebant:

61 1183 140 1248 inter
176 1203 254 1266 quos
287 1203 347 1273 ren
378 1202 505 1266 quoque
538 1189 727 1269 Cyrenorum
759 1187 902 1268 ophellas
933 1196 1039 1268 motas
1068 1196 1115 1252 est

61 1301 127 1345 cum
155 1284 330 1366 Agathocle·
354 1290 602 1363 communionem
635 1289 726 1368 belli,
759 1289 831 1362 dum
864 1307 997 1370 regnum
1028 1285 1114 1370 [⁴230]

59 1382 184 1449 hiricae
206 1387 352 1457 ardenter
372 1387 513 1454 allectat.
558 1390 619 1462 Sed
645 1397 809 1471 postquam
835 1390 867 1461 in
893 1409 987 1459 unum
1016 1407 1113 1454 exer-

59 1485 140 1547 citus
163 1493 195 1546 et
217 1495 315 1563 castra
336 1489 528 1568 junxeruntg,
544 1509 600 1571 por
620 1491 821 1573 Agathoclem
843 1485 1060 1560 blandimentis
1083 1497 1119 1556 el,

59 1584 183 1662 insidiis
217 1587 446 1662 circumventus
479 1591 600 1655 occisus
632 1598 687 1656 est.
737 1592 997 1673 Carthiginionses
1029 1607 1110 1657 con-

59 1686 165 1748 tractis
193 1685 333 1764 undique
359 1689 457 1768 copiis
483 1689 515 1753 in
541 1687 657 1751 bellum
685 1707 839 1760 exarsere.
884 1689 1009 1762 erihus
1025 1690 1115 1769 Aga·

60 1785 188 1863 thocles,
211 1785 330 1860 hahens
350 1788 621 1869 secumOplrellae
642 1791 746 1870 copias
768 1789 977 1871 congreditur,
999 1805 1116 1868 eosque

60 1903 175 1970 magno
191 1887 353 1966 utriusque
368 1889 526 1962 exercitus
539 1890 691 1970 sanguine
707 1897 738 1952 et
752 1891 839 1972 gravi
853 1881 1115 1970 praelio'superat.

60 1987 127 2064 lloe
145 1987 322 2052 certaminis
344 1988 522 2060 discrimine
543 1996 627 2060 tenta
647 1989 820 2071 desperatio
835 1990 917 2060 illata
932 1991 1042 2059 roonis
1058 1997 1115 2068 est,

61 2095 109 2166 nt,
132 2088 199 2164 nisi,
215 2089 247 2149 in
271 2091 416 2165 exercitu
432 2090 610 2172 Agathoclis
632 2097 700 2157 orta
721 2090 831 2162 seditio
855 2090 981 2169 luisset,
1008 2099 1114 2157 hans-

61 2188 216 2270 lngitarus
238 2189 275 2253 ad
299 2209 377 2265 eum,
392 2191 561 2270 Bomilcar,
583 2191 647 2263 dun
668 2192 857 2270 Poenorum,
884 2211 953 2256 cum
976 2193 1121 2258 exercitui

62 2289 164 2353 luerit.
201 2289 249 2352 Ob
271 2310 361 2371 quam
384 2309 500 2364 noxam
517 2294 552 2355 in
572 2293 673 2363 medio
696 2291 763 2354 loro
774 2292 1116 2374 jossatmthaginiaa-

62 2393 140 2454 sium
163 2391 300 2472 patibulo
321 2392 471 2472 suffixum·
496 2393 622 2457 crudele
650 2392 859 2473 spectaculum
882 2394 947 2454 suis
968 2392 1115 2473 praebuit.

63 2491 183 2586 Deinde
205 2511 274 2554 cum
297 2500 365 2572 post
387 2502 524 2564 mortem.
539 2492 718 2572 Agathoclis
742 2492 1008 2572 Carthaginienses
1032 2491 1121 2556 Stat.

63 2591 134 2654 liam
162 2593 309 2662 instructa
340 2593 439 2656 classe
470 2599 626 2654 vastarent
658 2611 676 2654 a
709 2591 822 2673 Pyrrho
854 2609 930 2672 rege
963 2589 1047 2670 Epiri
1079 2590 1117 2654 alr

63 2691 148 2755 ltalia
172 2694 338 2772 accersito,
366 2695 505 2762 terrestri
527 2692 691 2774 navalique
714 2693 882 2756 certamine
904 2709 996 2770 saepe
1019 2709 1117 2772 supe-

63 2795 120 2855 rati
143 2794 310 2856 novissime
325 2794 363 2856 ad
377 2793 512 2856 Romana
533 2792 615 2855 bella
638 2794 781 2855 conversi
802 2799 882 2854 sunt.
916 2791 993 2852 Proh
1016 2793 1117 2854 dolor!

64 2893 219 2975 legantne
248 2895 306 2957 ista
339 2895 379 2957 ‹le
412 2893 586 2972 veterihum
622 2896 675 2974 qui
703 2893 749 2955 do
769 2891 947 2955 recentibus
975 2907 1123 2971 conque-

64 2995 199 3057 camur?
227 2993 323 3056 lmmo
345 2995 458 3077 legunt
475 3002 507 3056 ot
529 3015 566 3058 ea
587 2990 649 3056 non
673 2992 1127 3075 aequitatesed·tremulationa¹

66 3096 244 3178 conjiciunt.
266 3141 269 3150 .
288 3095 420 3168 Μιιιιίιιιο
443 3098 525 3158 enim
539 3097 601 3167 ,illo
623 3103 656 3157 et
679 3093 842 3170 inallhbili‚
866 3112 957 3174 quom
982 3111 1039 3155 neo
1062 3096 1119 3172 ipsi

67 3196 262 3275 discernunt,
292 3196 416 3271 stimulo
448 3189 715 3276 compunguntur,
745 3211 813 3264 non
834 3201 958 3272 propter
984 3199 1120 3270 tempora

67 3297 156 3375 mala,
178 3297 239 3363 set
255 3304 379 3378 propter
401 3304 543 3378 tempora,
560 3297 746 3370 Christiana,
769 3299 800 3354 et
822 3291 978 3360 derivatio
994 3299 1041 3362 ast
1063 3293 1125 3354 in-‚

67 3397 131 3460 vidi
153 3397 283 3476 ulceris,
306 3405 357 3476 ut,
385 3397 534 3478 quidquid
562 3397 619 3470 sul)
634 3391 821 3481 ,execrabili
843 3395 960 3475 agitur,
988 3395 1124 3466 atrocius

68 3515 137 3571 esse
170 3498 326 3572 videatur:
364 3500 449 3574 sicut
477 3499 568 3572 otiam
600 3497 683 3571 inter
715 3512 775 3583 nos¹
803 3512 895 3576 scope
928 3485 1137 3566 inimicorum?

70 3599 167 3662 oculis
189 3599 288 3663 videri
310 3600 400 3680 solet,
428 3615 493 3678 eos,
516 3615 595 3679 quos
616 3604 827 3675 exsecrantur,
851 3596 926 3660 nihil
949 3614 1010 3666 non
1034 3590 1126 3676 [231]

70 3701 213 3778 pravum,
241 3699 317 3761 nihil
340 3716 401 3761 non
424 3708 535 3780 turpep
551 3697 628 3770 nihil
649 3717 719 3770 non
735 3698 939 3772 subsicivum,
963 3695 1046 3764 nihil¹
1061 3709 1125 3758 non

71 3801 105 3860 in
125 3800 239 3863 uulnus
260 3818 351 3862 suum
372 3801 454 3871 dicto
483 3797 604 3873 factoro
631 3817 725 3881 agere
754 3805 785 3860 ot
811 3797 869 3858 hoc
898 3802 998 3856 tamen
1025 3809 1125 3872 paene

70 3900 260 3980 simpliciter.
304 3899 338 3965 ln
366 3907 480 3962 tantum
510 3900 592 3974 enim
620 3907 741 3980 captum
764 3915 818 3961 cor
840 3894 977 3971 obliquat
998 3893 1124 3974 inuidia,

71 4008 105 4062 nt
127 4008 246 4066 rectum
268 4008 385 4076 natura¹
398 4017 460 4062 non
482 3993 600 4073 videm
624 3999 664 4061 de
687 4013 816 4077 quorum
832 4009 961 4066 numero
977 4002 1047 4060 sunt
1063 3996 1123 4068 isti,
