2634 4434
562 323 610 394 25

480 418 689 432 —a—-u--fi

64 577 149 623 suum
176 558 323 637 liberum,
351 559 389 620 ad
416 559 614 622 serviendum
641 559 702 622 sibi
727 577 784 641 per
810 557 938 642 llcysen
963 561 1110 625 nuncium

59 661 160 742 jubet:
189 667 424 740 contemtusque
453 644 614 723 dirissimis
636 667 835 723 contumaces
856 661 1013 740 suppliciis
1034 665 1110 743 agit:

63 762 115 841 qui
135 761 242 823 decem
263 759 361 842 plagis
384 762 503 823 onerati
527 779 564 824 ac
592 762 728 842 protriti,
757 761 880 824 tandem
902 777 982 842 quus
1003 761 1111 824 dimit·

63 867 128 924 tere
149 861 326 938 noluerant,
356 863 446 923 etiam
465 859 622 942 ,festinare
648 870 827 944 coegerunt.
870 862 941 924 l’cst
960 879 1058 942 aquas
1079 861 1112 923 in

62 961 240 1043 sanguinem
261 977 378 1039 versas,
405 962 584 1025 ardentibus
606 963 657 1025 siti
678 965 820 1044 gramm
841 961 1009 1025 afferentes
1029 979 1112 1042 poe·

60 1079 166 1124 narum
187 1061 323 1124 remedia
345 1079 435 1142 quam
459 1079 588 1142 poenas:
612 1070 681 1142 post
699 1062 840 1125 horridos
854 1081 997 1125 ranarum
1011 1079 1111 1143 squa-

60 1162 152 1240 lores,
173 1163 351 1242 peremnia
375 1163 486 1226 munda
509 1165 729 1244 immundaque
744 1169 917 1244 reptantes:
940 1171 1009 1242 past
1023 1163 1112 1244 igni·

60 1270 106 1325 tos
127 1262 277 1344 ciniphes,
301 1270 332 1324 et
355 1281 517 1344 nusquam,
539 1282 574 1326 se
597 1271 662 1326 toto
682 1267 756 1326 aere
771 1264 923 1342 vibrante,
939 1261 1112 1340 evitabiles,

59 1371 127 1444 pust
150 1380 269 1425 muscas
291 1364 426 1441 caninas,
449 1365 540 1426 etiarn
563 1383 620 1445 per
641 1365 788 1426 interiora
811 1365 1016 1428 membrarum
1032 1363 1112 1424 bor·

58 1465 133 1526 ridie
156 1463 289 1526 ructibus
310 1465 508 1540 cursitantes,
531 1465 707 1544 acerbeque
730 1463 901 1527 inlerentes
922 1473 983 1528 tam
1005 1463 1112 1545 gravis

58 1568 211 1627 tormenta
234 1580 324 1640 quam
347 1564 459 1642 turpia:
485 1571 553 1642 past
575 1567 710 1626 omnium
733 1583 878 1645 pecorum
901 1573 935 1628 et
950 1567 1114 1646 jumento-
1144 1560 1153 1576 '

57 1683 123 1727 rum
141 1664 333 1741 repentinam
353 1663 485 1738 ruinam,
507 1671 703 1744 stragemque
724 1665 917 1745 generalem:
941 1664 1112 1745 postvesi-

58 1783 109 1827 cas
132 1765 390 1840 effervescentes,
418 1761 585 1844 ulceraque
608 1766 776 1841 manantia,
799 1771 832 1826 et
854 1771 906 1840 (ut
927 1765 986 1846 ipsi
1007 1763 1114 1826 dicere

58 1866 249 1936 maluerunt)
271 1863 405 1926 scabiem
428 1881 464 1926 ac
485 1863 669 1945 vitiliginem
696 1866 767 1927 totis
794 1865 974 1946 corporibus
1001 1881 1112 1928 eruut-

58 1974 197 2049 pentcm:
221 1972 290 2045 post
311 1965 492 2047 grandinem
515 1959 584 2026 cum
606 1965 681 2047 igne
702 1966 893 2047 permixtam,
915 1966 1026 2048 passim
1048 1965 1111 2029 bc-

60 2070 167 2144 mines,
188 2072 326 2127 armenta
344 2072 439 2146 atque
452 2066 578 2128 arbores
594 2073 818 2146 proterentem:
841 2073 911 2148 pest
924 2066 1111 2130 locustarum

59 2168 174 2244 nubes,
198 2165 353 2229 exhaustis
375 2167 532 2244 omnibuS,
562 2169 642 2246 ipsas
671 2185 796 2248 quoque
818 2168 938 2229 radices
959 2167 1113 2228 seminum

59 2270 295 2349 persequentes:
326 2274 393 2348 post
415 2267 558 2329 tenebras
581 2268 766 2349 imaginibus
788 2268 885 2345 diras,
909 2267 1114 2330 crassitudine

59 2367 236 2450 palpabiles,
259 2366 459 2430 diuturnitate
481 2366 610 2429 lerales:
634 2375 787 2447 postrema
809 2375 880 2447 post
898 2365 1023 2427 unilor-
1047 2364 1113 2449 [56]

61 2488 138 2532 mem
161 2471 193 2530 in
217 2474 278 2530 tota
300 2467 442 2548 Aegypto
464 2468 637 2545 primitivae
659 2467 776 2528 subolis
797 2484 925 2540 necem,
946 2484 1115 2545 paremque

61 2589 114 2650 per
136 2570 304 2631 universus
320 2567 484 2630 orbitatum
508 2572 730 2648 tempestatem,
753 2565 806 2646 qui
823 2563 947 2647 jubenti
962 2566 1029 2628 Dec
1051 2583 1114 2629 nan

59 2675 232 2747 cesserant,
260 2686 383 2730 cessere
409 2667 565 2749 punienti:
595 2667 650 2730 sed
678 2685 750 2729 mox
771 2667 903 2748 pessima
924 2669 1115 2750 poenitentia

59 2773 200 2834 dimissas
227 2769 373 2851 persequi
399 2768 482 2846 ausi,
518 2768 623 2829 ultima
651 2757 803 2831 nelandae
829 2769 1024 2849 pervicaciae
1051 2789 1112 2831 ex-

58 2873 195 2953 pendere
228 2871 384 2950 supplicia.
428 2869 503 2931 Nam
536 2887 593 2930 rex
625 2885 733 2931 eorum
765 2870 945 2932 universum
979 2869 1115 2951 Aegypti

58 2975 248 3050 exercitum,
282 2969 423 3034 curribus
455 2978 548 3051 atque
577 2970 734 3050 equitibus
761 2971 959 3049 instructum,
987 2973 1018 3033 in
1046 2972 1114 3033 cir-

57 3081 271 3138 cumerrantes
303 3072 381 3154 egit:
416 3071 504 3154 cujus
537 3088 698 3134 numerum
726 3071 785 3134 boc
810 3072 878 3134 selu
903 3073 955 3135 vel
982 3074 1115 3134 maxime

56 3183 243 3257 argumento
270 3173 424 3254 conjicere
451 3186 630 3250 possumus,
654 3172 736 3253 quod
758 3191 828 3234 eum
851 3180 999 3234 sexcenta
1021 3172 1115 3235 millia

57 3277 197 3339 virerum
221 3275 388 3337 timuerunt
410 3280 502 3353 atque
524 3271 680 3354 fugerunt.
722 3271 783 3336 Sed
805 3277 961 3352 protector
982 3274 1114 3355 deprcs-

55 3381 180 3458 sarum,
214 3383 246 3437 et
273 3375 354 3438 ultor
375 3373 601 3457 contumacium
623 3372 708 3434 Deus
729 3372 834 3436 divisit
853 3373 957 3438 subito
978 3374 1114 3439 Rubrum

56 3496 154 3555 mere,
179 3495 215 3540 ac
237 3475 369 3540 dilatatis
391 3474 547 3552 utrimque
570 3473 758 3557 marginibus
776 3472 943 3558 rigentium
964 3478 1115 3539 undarum

56 3580 86 3640 in
112 3579 229 3640 montis
252 3576 362 3639 faciem
384 3576 479 3638 latera
502 3583 605 3638 crecta
627 3576 802 3656 suspendit,
829 3583 864 3638 ut
890 3576 1033 3638 incllensi
1060 3566 1116 3656 spe

56 3680 166 3742 limitis
187 3677 354 3759 provocati,
377 3677 419 3756 pii
442 3677 521 3738 viam
545 3678 724 3757 desperatae
746 3678 863 3755 salatia,
886 3677 971 3756 impii
994 3678 1116 3738 foveam

56 3781 237 3862 insperatae
252 3779 359 3840 martis
375 3779 531 3840 iutrarent.
567 3779 675 3858 ltaque
697 3778 846 3842 Hebraeis
868 3784 935 3839 tuto
956 3794 1013 3856 per
1033 3777 1116 3839 sicca

55 3878 293 3962 gradientibus,
314 3877 426 3941 :elusis
448 3898 466 3940 a
489 3887 576 3960 tergm
598 3897 745 3959 aquarum
767 3877 950 3940 adstantium
974 3870 1117 3954 molibus,

54 3982 171 4046 obruta
203 3987 251 4045 est
278 3987 310 4044 ct
338 3978 498 4043 interiecta
526 3997 595 4040 cun
623 3997 699 4059 rege
726 3995 784 4040 suc
811 3976 956 4038 uniuersa
983 3977 1117 4058 Aegypti
