<?xml version="1.0" encoding="UTF-8"?>
<!DOCTYPE html PUBLIC "-//W3C//DTD XHTML 1.0 Transitional//EN"
    "http://www.w3.org/TR/xhtml1/DTD/xhtml1-transitional.dtd">
<html xmlns="http://www.w3.org/1999/xhtml" xml:lang="en" lang="en">
 <head>
  <title>
</title>
<meta http-equiv="Content-Type" content="text/html;charset=utf-8" />
  <meta name='ocr-system' content='tesseract 3.04.00' />
  <meta name='ocr-capabilities' content='ocr_page ocr_carea ocr_par ocr_line ocrx_word'/>
</head>
<body>
  <div class='ocr_page' id='page_1' title='image "./pauliorosiipres00havegoog_0291.png"; bbox 0 0 2634 4434; ppageno 0'>
   <div class='ocr_carea' id='block_1_1' title="bbox 563 287 809 395">
    <p class='ocr_par' dir='ltr' id='par_1_1' title="bbox 563 287 809 395">
     <span class='ocr_line' id='line_1_1' title="bbox 563 287 809 395; baseline 0 0"><span class='ocrx_word' id='word_1_1' title='bbox 563 384 564 388; x_wconf 13' lang='grc' dir='ltr'>ψ</span> <span class='ocrx_word' id='word_1_2' title='bbox 602 287 809 395; x_wconf 49' lang='lat' dir='ltr'><strong>..aaa</strong></span> 
     </span>
    </p>
   </div>
   <div class='ocr_carea' id='block_1_2' title="bbox 179 518 1311 802">
    <p class='ocr_par' dir='ltr' id='par_1_2' title="bbox 179 518 1311 802">
     <span class='ocr_line' id='line_1_2' title="bbox 180 518 1249 604; baseline -0.003 -19"><span class='ocrx_word' id='word_1_3' title='bbox 180 540 239 586; x_wconf 89' lang='lat' dir='ltr'><strong>nus</strong></span> <span class='ocrx_word' id='word_1_4' title='bbox 261 523 419 604; x_wconf 73' lang='lat' dir='ltr'><strong>Augrrstus</strong></span> <span class='ocrx_word' id='word_1_5' title='bbox 446 519 753 602; x_wconf 81' lang='lat' dir='ltr'><strong>Quinquegentianos</strong></span> <span class='ocrx_word' id='word_1_6' title='bbox 781 523 811 583; x_wconf 89' lang='lat' dir='ltr'><strong>in</strong></span> <span class='ocrx_word' id='word_1_7' title='bbox 842 518 946 583; x_wconf 80' lang='lat' dir='ltr'><strong>Africa</strong></span> <span class='ocrx_word' id='word_1_8' title='bbox 973 518 1099 583; x_wconf 90' lang='lat' dir='ltr'><strong>domuit.</strong></span> <span class='ocrx_word' id='word_1_9' title='bbox 1147 519 1249 582; x_wconf 88' lang='lat' dir='ltr'><strong>Porro</strong></span> 
     </span>
     <span class='ocr_line' id='line_1_3' title="bbox 180 619 1248 710; baseline -0.003 -26"><span class='ocrx_word' id='word_1_10' title='bbox 180 629 282 710; x_wconf 85' lang='lat' dir='ltr'><strong>autem</strong></span> <span class='ocrx_word' id='word_1_11' title='bbox 304 621 515 683; x_wconf 82' lang='lat' dir='ltr'><strong>Diocletianus</strong></span> <span class='ocrx_word' id='word_1_12' title='bbox 536 619 726 700; x_wconf 72' lang='lat' dir='ltr'><strong>Achillem,</strong></span> <span class='ocrx_word' id='word_1_13' title='bbox 753 621 910 684; x_wconf 91' lang='lat' dir='ltr'><strong>obsessum</strong></span> <span class='ocrx_word' id='word_1_14' title='bbox 933 638 990 700; x_wconf 92' lang='lat' dir='ltr'><strong>per</strong></span> <span class='ocrx_word' id='word_1_15' title='bbox 1011 628 1080 682; x_wconf 93' lang='lat' dir='ltr'><strong>octo</strong></span> <span class='ocrx_word' id='word_1_16' title='bbox 1104 636 1248 696; x_wconf 88' lang='lat' dir='ltr'><strong>menses,</strong></span> 
     </span>
     <span class='ocr_line' id='line_1_4' title="bbox 179 714 1311 802; baseline -0.004 -18"><span class='ocrx_word' id='word_1_17' title='bbox 179 722 260 802; x_wconf 89' lang='lat' dir='ltr'><strong>apud</strong></span> <span class='ocrx_word' id='word_1_18' title='bbox 275 714 501 792; x_wconf 77' lang='lat' dir='ltr'><strong>Alexandriam</strong></span> <span class='ocrx_word' id='word_1_19' title='bbox 515 722 596 801; x_wconf 88' lang='lat' dir='ltr'><strong>cepit</strong></span> <span class='ocrx_word' id='word_1_20' title='bbox 618 729 650 783; x_wconf 89' lang='lat' dir='ltr'><strong>et</strong></span> <span class='ocrx_word' id='word_1_21' title='bbox 671 720 835 784; x_wconf 76' lang='lat' dir='ltr'><strong>interfecit,</strong></span> <span class='ocrx_word' id='word_1_22' title='bbox 878 719 938 784; x_wconf 91' lang='lat' dir='ltr'><strong>Sed</strong></span> <span class='ocrx_word' id='word_1_23' title='bbox 961 720 1164 801; x_wconf 86' lang='lat' dir='ltr'><strong>immoderata</strong></span> <span class='ocrx_word' id='word_1_24' title='bbox 1189 720 1247 780; x_wconf 89' lang='lat' dir='ltr'><strong>vi·</strong></span> <span class='ocrx_word' id='word_1_25' title='bbox 1310 745 1311 750; x_wconf 42' lang='lat'>¹</span> 
     </span>
    </p>
   </div>
   <div class='ocr_carea' id='block_1_3' title="bbox 57 819 1246 902">
    <p class='ocr_par' dir='ltr' id='par_1_3' title="bbox 57 819 1246 902">
     <span class='ocr_line' id='line_1_5' title="bbox 57 819 1246 902; baseline -0.004 -18"><span class='ocrx_word' id='word_1_26' title='bbox 57 833 61 838; x_wconf 84' lang='grc'><em>’</em></span> <span class='ocrx_word' id='word_1_27' title='bbox 127 884 130 886; x_wconf 73' lang='grc'>,</span> <span class='ocrx_word' id='word_1_28' title='bbox 180 823 276 884; x_wconf 87' lang='lat' dir='ltr'><strong>ctoria</strong></span> <span class='ocrx_word' id='word_1_29' title='bbox 299 838 373 883; x_wconf 91' lang='lat' dir='ltr'><strong>usus</strong></span> <span class='ocrx_word' id='word_1_30' title='bbox 395 819 611 883; x_wconf 80' lang='lat' dir='ltr'><strong>Alexandriam</strong></span> <span class='ocrx_word' id='word_1_31' title='bbox 635 822 799 902; x_wconf 75' lang='lat' dir='ltr'><strong>direptioni</strong></span> <span class='ocrx_word' id='word_1_32' title='bbox 822 821 922 898; x_wconf 84' lang='lat' dir='ltr'><strong>dedit,</strong></span> <span class='ocrx_word' id='word_1_33' title='bbox 946 821 1122 902; x_wconf 81' lang='lat' dir='ltr'><strong>Aegyptum</strong></span> <span class='ocrx_word' id='word_1_34' title='bbox 1147 827 1246 880; x_wconf 86' lang='lat' dir='ltr'><strong>totam</strong></span> 
     </span>
    </p>
   </div>
   <div class='ocr_carea' id='block_1_4' title="bbox 129 905 1255 4011">
    <p class='ocr_par' dir='ltr' id='par_1_4' title="bbox 129 905 1255 4011">
     <span class='ocr_line' id='line_1_6' title="bbox 180 905 1247 1002; baseline -0.004 -18"><span class='ocrx_word' id='word_1_35' title='bbox 180 905 454 1002; x_wconf 74' lang='lat' dir='ltr'><strong>proscriptionibus</strong></span> <span class='ocrx_word' id='word_1_36' title='bbox 483 922 693 1002; x_wconf 81' lang='lat' dir='ltr'><strong>caedibusque</strong></span> <span class='ocrx_word' id='word_1_37' title='bbox 723 920 865 990; x_wconf 85' lang='lat' dir='ltr'><strong>foedarit.</strong></span> <span class='ocrx_word' id='word_1_38' title='bbox 909 920 1068 983; x_wconf 90' lang='lat' dir='ltr'><strong>Praeterea</strong></span> <span class='ocrx_word' id='word_1_39' title='bbox 1098 917 1247 982; x_wconf 88' lang='lat' dir='ltr'><strong>Galerius</strong></span> 
     </span>
     <span class='ocr_line' id='line_1_7' title="bbox 180 1020 1246 1104; baseline -0.003 -22"><span class='ocrx_word' id='word_1_40' title='bbox 180 1021 397 1099; x_wconf 82' lang='lat' dir='ltr'><strong>Maximianus,</strong></span> <span class='ocrx_word' id='word_1_41' title='bbox 431 1041 500 1083; x_wconf 92' lang='lat' dir='ltr'><strong>cum</strong></span> <span class='ocrx_word' id='word_1_42' title='bbox 530 1023 650 1084; x_wconf 91' lang='lat' dir='ltr'><strong>duobus</strong></span> <span class='ocrx_word' id='word_1_43' title='bbox 677 1024 736 1104; x_wconf 90' lang='lat' dir='ltr'><strong>jam</strong></span> <span class='ocrx_word' id='word_1_44' title='bbox 764 1021 887 1101; x_wconf 88' lang='lat' dir='ltr'><strong>praeliis</strong></span> <span class='ocrx_word' id='word_1_45' title='bbox 914 1021 1062 1084; x_wconf 88' lang='lat' dir='ltr'><strong>adversus</strong></span> <span class='ocrx_word' id='word_1_46' title='bbox 1089 1020 1246 1082; x_wconf 84' lang='lat' dir='ltr'><strong>Narseum</strong></span> 
     </span>
     <span class='ocr_line' id='line_1_8' title="bbox 181 1121 1247 1202; baseline -0.003 -18"><span class='ocrx_word' id='word_1_47' title='bbox 181 1121 387 1198; x_wconf 87' lang='lat' dir='ltr'><strong>conflixisset,</strong></span> <span class='ocrx_word' id='word_1_48' title='bbox 420 1123 511 1183; x_wconf 89' lang='lat' dir='ltr'><strong>tertio</strong></span> <span class='ocrx_word' id='word_1_49' title='bbox 541 1123 622 1184; x_wconf 90' lang='lat' dir='ltr'><strong>inter</strong></span> <span class='ocrx_word' id='word_1_50' title='bbox 650 1122 830 1185; x_wconf 86' lang='lat' dir='ltr'><strong>Callinicum</strong></span> <span class='ocrx_word' id='word_1_51' title='bbox 860 1128 892 1183; x_wconf 91' lang='lat' dir='ltr'><strong>et</strong></span> <span class='ocrx_word' id='word_1_52' title='bbox 920 1121 1026 1182; x_wconf 88' lang='lat' dir='ltr'><strong>Carras</strong></span> <span class='ocrx_word' id='word_1_53' title='bbox 1054 1136 1247 1202; x_wconf 84' lang='lat' dir='ltr'><strong>congressus</strong></span> 
     </span>
     <span class='ocr_line' id='line_1_9' title="bbox 182 1221 1247 1305; baseline -0.004 -21"><span class='ocrx_word' id='word_1_54' title='bbox 182 1229 214 1284; x_wconf 91' lang='lat' dir='ltr'><strong>et</strong></span> <span class='ocrx_word' id='word_1_55' title='bbox 229 1223 341 1283; x_wconf 67' lang='lat' dir='ltr'><strong>‘vietus</strong></span> <span class='ocrx_word' id='word_1_56' title='bbox 375 1223 494 1284; x_wconf 90' lang='lat' dir='ltr'><strong>amissis</strong></span> <span class='ocrx_word' id='word_1_57' title='bbox 516 1224 612 1302; x_wconf 90' lang='lat' dir='ltr'><strong>copiis</strong></span> <span class='ocrx_word' id='word_1_58' title='bbox 639 1224 678 1285; x_wconf 88' lang='lat' dir='ltr'><strong>ad</strong></span> <span class='ocrx_word' id='word_1_59' title='bbox 705 1222 941 1285; x_wconf 86' lang='lat' dir='ltr'><strong>Diocletianum</strong></span> <span class='ocrx_word' id='word_1_60' title='bbox 957 1221 1081 1305; x_wconf 79' lang='lat' dir='ltr'><strong>refugit.</strong></span> <span class='ocrx_word' id='word_1_61' title='bbox 1128 1221 1247 1301; x_wconf 82' lang='lat' dir='ltr'><strong>Aquo</strong></span> 
     </span>
     <span class='ocr_line' id='line_1_10' title="bbox 181 1320 1244 1404; baseline -0.003 -20"><span class='ocrx_word' id='word_1_62' title='bbox 181 1322 431 1404; x_wconf 84' lang='lat' dir='ltr'><strong>arrogantissime</strong></span> <span class='ocrx_word' id='word_1_63' title='bbox 452 1328 600 1401; x_wconf 90' lang='lat' dir='ltr'><strong>exceptos</strong></span> <span class='ocrx_word' id='word_1_64' title='bbox 623 1331 685 1400; x_wconf 91' lang='lat' dir='ltr'><strong>est,</strong></span> <span class='ocrx_word' id='word_1_65' title='bbox 709 1325 749 1384; x_wconf 89' lang='lat' dir='ltr'><strong>ita</strong></span> <span class='ocrx_word' id='word_1_66' title='bbox 773 1330 806 1384; x_wconf 90' lang='lat' dir='ltr'><strong>ut</strong></span> <span class='ocrx_word' id='word_1_67' title='bbox 827 1340 883 1403; x_wconf 91' lang='lat' dir='ltr'><strong>per</strong></span> <span class='ocrx_word' id='word_1_68' title='bbox 904 1322 1022 1402; x_wconf 91' lang='lat' dir='ltr'><strong>aliquot</strong></span> <span class='ocrx_word' id='word_1_69' title='bbox 1045 1320 1143 1383; x_wconf 93' lang='lat' dir='ltr'><strong>millia</strong></span> <span class='ocrx_word' id='word_1_70' title='bbox 1167 1337 1244 1401; x_wconf 90' lang='lat' dir='ltr'><strong>pas-</strong></span> 
     </span>
     <span class='ocr_line' id='line_1_11' title="bbox 182 1409 1245 1504; baseline -0.001 -21"><span class='ocrx_word' id='word_1_71' title='bbox 182 1440 270 1483; x_wconf 92' lang='lat' dir='ltr'><strong>suum</strong></span> <span class='ocrx_word' id='word_1_72' title='bbox 294 1429 477 1501; x_wconf 90' lang='lat' dir='ltr'><strong>purpuratus</strong></span> <span class='ocrx_word' id='word_1_73' title='bbox 499 1429 571 1485; x_wconf 91' lang='lat' dir='ltr'><strong>ante</strong></span> <span class='ocrx_word' id='word_1_74' title='bbox 593 1409 768 1485; x_wconf 83' lang='lat' dir='ltr'><strong>vehiculum</strong></span> <span class='ocrx_word' id='word_1_75' title='bbox 793 1424 859 1504; x_wconf 89' lang='lat' dir='ltr'><strong>ejus</strong></span> <span class='ocrx_word' id='word_1_76' title='bbox 882 1425 1055 1486; x_wconf 87' lang='lat' dir='ltr'><strong>cucurrisse</strong></span> <span class='ocrx_word' id='word_1_77' title='bbox 1078 1420 1245 1484; x_wconf 84' lang='lat' dir='ltr'><strong>reseratur.</strong></span> 
     </span>
     <span class='ocr_line' id='line_1_12' title="bbox 183 1521 1247 1603; baseline 0.001 -23"><span class='ocrx_word' id='word_1_78' title='bbox 183 1521 400 1584; x_wconf 89' lang='lat' dir='ltr'><strong>Verumtamen</strong></span> <span class='ocrx_word' id='word_1_79' title='bbox 422 1522 480 1584; x_wconf 87' lang='lat' dir='ltr'><strong>bac</strong></span> <span class='ocrx_word' id='word_1_80' title='bbox 502 1523 689 1585; x_wconf 88' lang='lat' dir='ltr'><strong>contumelia</strong></span> <span class='ocrx_word' id='word_1_81' title='bbox 712 1525 799 1603; x_wconf 92' lang='lat' dir='ltr'><strong>quasi</strong></span> <span class='ocrx_word' id='word_1_82' title='bbox 829 1531 898 1586; x_wconf 90' lang='lat' dir='ltr'><strong>cote</strong></span> <span class='ocrx_word' id='word_1_83' title='bbox 927 1525 964 1586; x_wconf 89' lang='lat' dir='ltr'><strong>ad</strong></span> <span class='ocrx_word' id='word_1_84' title='bbox 991 1524 1138 1586; x_wconf 87' lang='lat' dir='ltr'><strong>virtutem</strong></span> <span class='ocrx_word' id='word_1_85' title='bbox 1169 1537 1247 1582; x_wconf 92' lang='lat' dir='ltr'><strong>usus</strong></span> 
     </span>
     <span class='ocr_line' id='line_1_13' title="bbox 184 1622 1247 1705; baseline -0.001 -23"><span class='ocrx_word' id='word_1_86' title='bbox 184 1627 246 1700; x_wconf 89' lang='lat' dir='ltr'><strong>est,</strong></span> <span class='ocrx_word' id='word_1_87' title='bbox 277 1640 333 1700; x_wconf 90' lang='lat' dir='ltr'><strong>per</strong></span> <span class='ocrx_word' id='word_1_88' title='bbox 360 1640 449 1704; x_wconf 92' lang='lat' dir='ltr'><strong>quam</strong></span> <span class='ocrx_word' id='word_1_89' title='bbox 473 1622 583 1685; x_wconf 89' lang='lat' dir='ltr'><strong>detrita</strong></span> <span class='ocrx_word' id='word_1_90' title='bbox 604 1624 685 1704; x_wconf 86' lang='lat' dir='ltr'><strong>regii</strong></span> <span class='ocrx_word' id='word_1_91' title='bbox 707 1622 803 1687; x_wconf 85' lang='lat' dir='ltr'><strong>fastus</strong></span> <span class='ocrx_word' id='word_1_92' title='bbox 825 1624 986 1705; x_wconf 79' lang='lat' dir='ltr'><strong>rubigine,</strong></span> <span class='ocrx_word' id='word_1_93' title='bbox 1008 1625 1106 1686; x_wconf 89' lang='lat' dir='ltr'><strong>aciem</strong></span> <span class='ocrx_word' id='word_1_94' title='bbox 1132 1622 1247 1684; x_wconf 90' lang='lat' dir='ltr'><strong>mentis</strong></span> 
     </span>
     <span class='ocr_line' id='line_1_14' title="bbox 183 1722 1247 1805; baseline 0 -23"><span class='ocrx_word' id='word_1_95' title='bbox 183 1722 328 1802; x_wconf 89' lang='lat' dir='ltr'><strong>expediit.</strong></span> <span class='ocrx_word' id='word_1_96' title='bbox 372 1723 480 1804; x_wconf 88' lang='lat' dir='ltr'><strong>ltaque</strong></span> <span class='ocrx_word' id='word_1_97' title='bbox 510 1741 580 1785; x_wconf 93' lang='lat' dir='ltr'><strong>mox</strong></span> <span class='ocrx_word' id='word_1_98' title='bbox 608 1743 663 1804; x_wconf 92' lang='lat' dir='ltr'><strong>per</strong></span> <span class='ocrx_word' id='word_1_99' title='bbox 689 1723 843 1805; x_wconf 83' lang='lat' dir='ltr'><strong>Illyricum</strong></span> <span class='ocrx_word' id='word_1_100' title='bbox 872 1729 903 1788; x_wconf 85' lang='lat' dir='ltr'><strong>et</strong></span> <span class='ocrx_word' id='word_1_101' title='bbox 929 1723 1074 1786; x_wconf 86' lang='lat' dir='ltr'><strong>Moesiam</strong></span> <span class='ocrx_word' id='word_1_102' title='bbox 1103 1723 1247 1801; x_wconf 93' lang='lat' dir='ltr'><strong>undique</strong></span> 
     </span>
     <span class='ocr_line' id='line_1_15' title="bbox 182 1823 1246 1904; baseline -0.002 -20"><span class='ocrx_word' id='word_1_103' title='bbox 182 1825 285 1902; x_wconf 89' lang='lat' dir='ltr'><strong>copias</strong></span> <span class='ocrx_word' id='word_1_104' title='bbox 313 1825 481 1901; x_wconf 87' lang='lat' dir='ltr'><strong>contraxit,</strong></span> <span class='ocrx_word' id='word_1_105' title='bbox 512 1825 683 1904; x_wconf 84' lang='lat' dir='ltr'><strong>raptimque</strong></span> <span class='ocrx_word' id='word_1_106' title='bbox 712 1828 743 1887; x_wconf 91' lang='lat' dir='ltr'><strong>in</strong></span> <span class='ocrx_word' id='word_1_107' title='bbox 772 1826 890 1888; x_wconf 86' lang='lat' dir='ltr'><strong>hostem</strong></span> <span class='ocrx_word' id='word_1_108' title='bbox 920 1823 1246 1893; x_wconf 78' lang='lat' dir='ltr'><strong>reversusNarseum</strong></span> 
     </span>
     <span class='ocr_line' id='line_1_16' title="bbox 184 1921 1248 2006; baseline -0.001 -22"><span class='ocrx_word' id='word_1_109' title='bbox 184 1921 274 1998; x_wconf 81' lang='lat'>[528]</span> <span class='ocrx_word' id='word_1_110' title='bbox 297 1924 416 2005; x_wconf 84' lang='lat' dir='ltr'><strong>magnis</strong></span> <span class='ocrx_word' id='word_1_111' title='bbox 438 1926 575 1987; x_wconf 89' lang='lat' dir='ltr'><strong>consitiis</strong></span> <span class='ocrx_word' id='word_1_112' title='bbox 597 1925 778 2004; x_wconf 88' lang='lat' dir='ltr'><strong>viribusque</strong></span> <span class='ocrx_word' id='word_1_113' title='bbox 801 1927 966 2006; x_wconf 90' lang='lat' dir='ltr'><strong>superavit.</strong></span> <span class='ocrx_word' id='word_1_114' title='bbox 995 1925 1152 1986; x_wconf 86' lang='lat' dir='ltr'><strong>Extinctis</strong></span> <span class='ocrx_word' id='word_1_115' title='bbox 1167 1923 1248 1984; x_wconf 89' lang='lat' dir='ltr'><strong>Per-</strong></span> 
     </span>
     <span class='ocr_line' id='line_1_17' title="bbox 182 2024 1247 2110; baseline -0.001 -25"><span class='ocrx_word' id='word_1_116' title='bbox 182 2041 284 2085; x_wconf 90' lang='lat' dir='ltr'><strong>sarum</strong></span> <span class='ocrx_word' id='word_1_117' title='bbox 314 2025 410 2103; x_wconf 88' lang='lat' dir='ltr'><strong>copiis</strong></span> <span class='ocrx_word' id='word_1_118' title='bbox 437 2025 567 2105; x_wconf 92' lang='lat' dir='ltr'><strong>ipsoque</strong></span> <span class='ocrx_word' id='word_1_119' title='bbox 594 2025 710 2088; x_wconf 89' lang='lat' dir='ltr'><strong>Narseo</strong></span> <span class='ocrx_word' id='word_1_120' title='bbox 738 2028 770 2087; x_wconf 93' lang='lat' dir='ltr'><strong>in</strong></span> <span class='ocrx_word' id='word_1_121' title='bbox 798 2025 900 2106; x_wconf 85' lang='lat' dir='ltr'><strong>lugam</strong></span> <span class='ocrx_word' id='word_1_122' title='bbox 930 2031 1015 2102; x_wconf 90' lang='lat' dir='ltr'><strong>acto,</strong></span> <span class='ocrx_word' id='word_1_123' title='bbox 1047 2032 1148 2110; x_wconf 76' lang='lat' dir='ltr'><strong>castra</strong></span> <span class='ocrx_word' id='word_1_124' title='bbox 1177 2024 1247 2103; x_wconf 87' lang='lat' dir='ltr'><strong>ejus</strong></span> 
     </span>
     <span class='ocr_line' id='line_1_18' title="bbox 185 2123 1247 2206; baseline 0 -22"><span class='ocrx_word' id='word_1_125' title='bbox 185 2123 313 2200; x_wconf 88' lang='lat' dir='ltr'><strong>invasit,</strong></span> <span class='ocrx_word' id='word_1_126' title='bbox 341 2141 471 2202; x_wconf 89' lang='lat' dir='ltr'><strong>uxores,</strong></span> <span class='ocrx_word' id='word_1_127' title='bbox 500 2142 622 2188; x_wconf 91' lang='lat' dir='ltr'><strong>sorores</strong></span> <span class='ocrx_word' id='word_1_128' title='bbox 653 2125 831 2206; x_wconf 90' lang='lat' dir='ltr'><strong>liberosque</strong></span> <span class='ocrx_word' id='word_1_129' title='bbox 859 2127 955 2206; x_wconf 86' lang='lat' dir='ltr'><strong>cepit,</strong></span> <span class='ocrx_word' id='word_1_130' title='bbox 978 2128 1158 2187; x_wconf 90' lang='lat' dir='ltr'><strong>immensam</strong></span> <span class='ocrx_word' id='word_1_131' title='bbox 1183 2126 1247 2187; x_wconf 82' lang='lat' dir='ltr'><strong>uim</strong></span> 
     </span>
     <span class='ocr_line' id='line_1_19' title="bbox 184 2224 1248 2307; baseline 0.001 -22"><span class='ocrx_word' id='word_1_132' title='bbox 184 2241 281 2304; x_wconf 81' lang='lat' dir='ltr'><strong>gazae</strong></span> <span class='ocrx_word' id='word_1_133' title='bbox 303 2224 449 2287; x_wconf 87' lang='lat' dir='ltr'><strong>Persicae.</strong></span> <span class='ocrx_word' id='word_1_134' title='bbox 466 2225 606 2306; x_wconf 85' lang='lat' dir='ltr'><strong>diripuit:</strong></span> <span class='ocrx_word' id='word_1_135' title='bbox 641 2229 777 2307; x_wconf 83' lang='lat' dir='ltr'><strong>captivos</strong></span> <span class='ocrx_word' id='word_1_136' title='bbox 800 2245 890 2306; x_wconf 90' lang='lat' dir='ltr'><strong>quam</strong></span> <span class='ocrx_word' id='word_1_137' title='bbox 914 2227 1059 2307; x_wconf 92' lang='lat' dir='ltr'><strong>plurimos</strong></span> <span class='ocrx_word' id='word_1_138' title='bbox 1082 2227 1248 2288; x_wconf 90' lang='lat' dir='ltr'><strong>Persarum</strong></span> 
     </span>
     <span class='ocr_line' id='line_1_20' title="bbox 185 2323 1248 2407; baseline 0.004 -23"><span class='ocrx_word' id='word_1_139' title='bbox 185 2323 334 2385; x_wconf 88' lang='lat' dir='ltr'><strong>nobilium</strong></span> <span class='ocrx_word' id='word_1_140' title='bbox 368 2324 503 2388; x_wconf 91' lang='lat' dir='ltr'><strong>abduxit.</strong></span> <span class='ocrx_word' id='word_1_141' title='bbox 547 2327 702 2389; x_wconf 85' lang='lat' dir='ltr'><strong>Reversus</strong></span> <span class='ocrx_word' id='word_1_142' title='bbox 731 2329 763 2389; x_wconf 93' lang='lat' dir='ltr'><strong>in</strong></span> <span class='ocrx_word' id='word_1_143' title='bbox 790 2325 1037 2407; x_wconf 88' lang='lat' dir='ltr'><strong>Mesopotamiam</strong></span> <span class='ocrx_word' id='word_1_144' title='bbox 1065 2345 1083 2389; x_wconf 94' lang='lat' dir='ltr'><strong>a</strong></span> <span class='ocrx_word' id='word_1_145' title='bbox 1111 2325 1248 2390; x_wconf 88' lang='lat' dir='ltr'><strong>Diocle-</strong></span> 
     </span>
     <span class='ocr_line' id='line_1_21' title="bbox 186 2424 1247 2507; baseline 0.003 -22"><span class='ocrx_word' id='word_1_146' title='bbox 186 2424 270 2486; x_wconf 90' lang='lat' dir='ltr'><strong>tiano</strong></span> <span class='ocrx_word' id='word_1_147' title='bbox 299 2425 430 2505; x_wconf 90' lang='lat' dir='ltr'><strong>plurimo</strong></span> <span class='ocrx_word' id='word_1_148' title='bbox 458 2425 576 2488; x_wconf 91' lang='lat' dir='ltr'><strong>bonore</strong></span> <span class='ocrx_word' id='word_1_149' title='bbox 602 2434 763 2507; x_wconf 90' lang='lat' dir='ltr'><strong>susceptus</strong></span> <span class='ocrx_word' id='word_1_150' title='bbox 792 2434 846 2490; x_wconf 91' lang='lat' dir='ltr'><strong>est.</strong></span> <span class='ocrx_word' id='word_1_151' title='bbox 892 2428 997 2489; x_wconf 84' lang='lat' dir='ltr'><strong>Postea</strong></span> <span class='ocrx_word' id='word_1_152' title='bbox 1030 2445 1085 2507; x_wconf 91' lang='lat' dir='ltr'><strong>per</strong></span> <span class='ocrx_word' id='word_1_153' title='bbox 1119 2426 1247 2489; x_wconf 90' lang='lat' dir='ltr'><strong>eosdem</strong></span> 
     </span>
     <span class='ocr_line' id='line_1_22' title="bbox 187 2522 1247 2609; baseline 0.003 -24"><span class='ocrx_word' id='word_1_154' title='bbox 187 2522 284 2588; x_wconf 89' lang='lat' dir='ltr'><strong>duces</strong></span> <span class='ocrx_word' id='word_1_155' title='bbox 304 2534 430 2589; x_wconf 91' lang='lat' dir='ltr'><strong>strenue</strong></span> <span class='ocrx_word' id='word_1_156' title='bbox 451 2527 599 2597; x_wconf 83' lang='lat' dir='ltr'><strong>adversus</strong></span> <span class='ocrx_word' id='word_1_157' title='bbox 615 2527 728 2608; x_wconf 85' lang='lat' dir='ltr'><strong>Carpos</strong></span> <span class='ocrx_word' id='word_1_158' title='bbox 750 2527 975 2608; x_wconf 89' lang='lat' dir='ltr'><strong>Basternasque</strong></span> <span class='ocrx_word' id='word_1_159' title='bbox 997 2534 1164 2609; x_wconf 87' lang='lat' dir='ltr'><strong>pugnatum</strong></span> <span class='ocrx_word' id='word_1_160' title='bbox 1190 2533 1247 2588; x_wconf 90' lang='lat' dir='ltr'><strong>est.</strong></span> 
     </span>
     <span class='ocr_line' id='line_1_23' title="bbox 189 2624 1248 2708; baseline 0.001 -23"><span class='ocrx_word' id='word_1_161' title='bbox 189 2624 340 2688; x_wconf 91' lang='lat' dir='ltr'><strong>Sarmatas</strong></span> <span class='ocrx_word' id='word_1_162' title='bbox 362 2627 474 2689; x_wconf 90' lang='lat' dir='ltr'><strong>deinde</strong></span> <span class='ocrx_word' id='word_1_163' title='bbox 496 2629 652 2690; x_wconf 87' lang='lat' dir='ltr'><strong>vicerunt:</strong></span> <span class='ocrx_word' id='word_1_164' title='bbox 681 2645 811 2708; x_wconf 91' lang='lat' dir='ltr'><strong>quorum</strong></span> <span class='ocrx_word' id='word_1_165' title='bbox 834 2628 1072 2708; x_wconf 88' lang='lat' dir='ltr'><strong>copiosissimam</strong></span> <span class='ocrx_word' id='word_1_166' title='bbox 1095 2629 1248 2707; x_wconf 89' lang='lat' dir='ltr'><strong>captivam</strong></span> 
     </span>
     <span class='ocr_line' id='line_1_24' title="bbox 188 2724 1247 2808; baseline 0.003 -24"><span class='ocrx_word' id='word_1_167' title='bbox 188 2724 413 2789; x_wconf 83' lang='lat' dir='ltr'><strong>multitudinem</strong></span> <span class='ocrx_word' id='word_1_168' title='bbox 441 2746 497 2808; x_wconf 90' lang='lat' dir='ltr'><strong>per</strong></span> <span class='ocrx_word' id='word_1_169' title='bbox 516 2727 721 2791; x_wconf 85' lang='lat' dir='ltr'><strong>Romanorum</strong></span> <span class='ocrx_word' id='word_1_170' title='bbox 750 2728 855 2791; x_wconf 83' lang='lat' dir='ltr'><strong>linium</strong></span> <span class='ocrx_word' id='word_1_171' title='bbox 874 2724 1057 2808; x_wconf 85' lang='lat' dir='ltr'><strong>&#39;dispersere</strong></span> <span class='ocrx_word' id='word_1_172' title='bbox 1083 2727 1247 2808; x_wconf 90' lang='lat' dir='ltr'><strong>praesidia.</strong></span> 
     </span>
     <span class='ocr_line' id='line_1_25' title="bbox 188 2811 1249 2905; baseline 0.001 -20"><span class='ocrx_word' id='word_1_173' title='bbox 188 2823 310 2889; x_wconf 90' lang='lat' dir='ltr'><strong>interea</strong></span> <span class='ocrx_word' id='word_1_174' title='bbox 333 2828 543 2889; x_wconf 86' lang='lat' dir='ltr'><strong>Diocletianus</strong></span> <span class='ocrx_word' id='word_1_175' title='bbox 570 2830 602 2890; x_wconf 92' lang='lat' dir='ltr'><strong>in</strong></span> <span class='ocrx_word' id='word_1_176' title='bbox 625 2811 770 2905; x_wconf 87' lang='lat' dir='ltr'><strong>Oriente,</strong></span> <span class='ocrx_word' id='word_1_177' title='bbox 798 2829 999 2890; x_wconf 85' lang='lat' dir='ltr'><strong>Maximianus</strong></span> <span class='ocrx_word' id='word_1_178' title='bbox 1021 2828 1193 2890; x_wconf 89' lang='lat' dir='ltr'><strong>Herculeus</strong></span> <span class='ocrx_word' id='word_1_179' title='bbox 1215 2827 1249 2887; x_wconf 91' lang='lat' dir='ltr'><strong>in</strong></span> 
     </span>
     <span class='ocr_line' id='line_1_26' title="bbox 190 2924 1249 3014; baseline 0.001 -28"><span class='ocrx_word' id='word_1_180' title='bbox 190 2924 359 2988; x_wconf 86' lang='lat' dir='ltr'><strong>Occidente</strong></span> <span class='ocrx_word' id='word_1_181' title='bbox 381 2928 493 2988; x_wconf 90' lang='lat' dir='ltr'><strong>vastari</strong></span> <span class='ocrx_word' id='word_1_182' title='bbox 522 2927 686 3014; x_wconf 78' lang='lat' dir='ltr'><strong>ecclesias,</strong></span> <span class='ocrx_word' id='word_1_183' title='bbox 709 2928 812 3009; x_wconf 86' lang='lat' dir='ltr'><strong>adfligi</strong></span> <span class='ocrx_word' id='word_1_184' title='bbox 841 2928 1035 3009; x_wconf 84' lang='lat' dir='ltr'><strong>interficique</strong></span> <span class='ocrx_word' id='word_1_185' title='bbox 1058 2928 1249 2990; x_wconf 85' lang='lat' dir='ltr'><strong>Christianos</strong></span> 
     </span>
     <span class='ocr_line' id='line_1_27' title="bbox 189 3013 1247 3111; baseline 0.004 -26"><span class='ocrx_word' id='word_1_186' title='bbox 189 3023 309 3086; x_wconf 92' lang='lat' dir='ltr'><strong>decimo</strong></span> <span class='ocrx_word' id='word_1_187' title='bbox 331 3032 399 3104; x_wconf 91' lang='lat' dir='ltr'><strong>post</strong></span> <span class='ocrx_word' id='word_1_188' title='bbox 416 3013 572 3086; x_wconf 84' lang='lat' dir='ltr'><strong>¹Neronem</strong></span> <span class='ocrx_word' id='word_1_189' title='bbox 595 3025 664 3088; x_wconf 88' lang='lat' dir='ltr'><strong>loeo</strong></span> <span class='ocrx_word' id='word_1_190' title='bbox 693 3035 930 3109; x_wconf 90' lang='lat' dir='ltr'><strong>praeceperunt,</strong></span> <span class='ocrx_word' id='word_1_191' title='bbox 961 3047 1040 3111; x_wconf 91' lang='lat' dir='ltr'><strong>quae</strong></span> <span class='ocrx_word' id='word_1_192' title='bbox 1068 3028 1247 3108; x_wconf 89' lang='lat' dir='ltr'><strong>persecutio</strong></span> 
     </span>
     <span class='ocr_line' id='line_1_28' title="bbox 189 3123 1250 3209; baseline 0.002 -24"><span class='ocrx_word' id='word_1_193' title='bbox 189 3123 333 3187; x_wconf 90' lang='lat' dir='ltr'><strong>omnibus</strong></span> <span class='ocrx_word' id='word_1_194' title='bbox 360 3123 426 3187; x_wconf 87' lang='lat' dir='ltr'><strong>iere</strong></span> <span class='ocrx_word' id='word_1_195' title='bbox 453 3131 524 3188; x_wconf 91' lang='lat' dir='ltr'><strong>ante</strong></span> <span class='ocrx_word' id='word_1_196' title='bbox 553 3127 629 3188; x_wconf 89' lang='lat' dir='ltr'><strong>actis</strong></span> <span class='ocrx_word' id='word_1_197' title='bbox 657 3129 831 3191; x_wconf 89' lang='lat' dir='ltr'><strong>diuturnior</strong></span> <span class='ocrx_word' id='word_1_198' title='bbox 859 3135 951 3209; x_wconf 88' lang='lat' dir='ltr'><strong>atque</strong></span> <span class='ocrx_word' id='word_1_199' title='bbox 984 3130 1147 3190; x_wconf 89' lang='lat' dir='ltr'><strong>immanior</strong></span> <span class='ocrx_word' id='word_1_200' title='bbox 1181 3125 1250 3188; x_wconf 89' lang='lat' dir='ltr'><strong>suit.</strong></span> 
     </span>
     <span class='ocr_line' id='line_1_29' title="bbox 190 3222 1250 3314; baseline 0.004 -30"><span class='ocrx_word' id='word_1_201' title='bbox 190 3222 264 3285; x_wconf 90' lang='lat' dir='ltr'><strong>Nam</strong></span> <span class='ocrx_word' id='word_1_202' title='bbox 288 3225 471 3304; x_wconf 89' lang='lat' dir='ltr'><strong>perdecem</strong></span> <span class='ocrx_word' id='word_1_203' title='bbox 494 3243 591 3287; x_wconf 87' lang='lat' dir='ltr'><strong>annos</strong></span> <span class='ocrx_word' id='word_1_204' title='bbox 617 3228 770 3290; x_wconf 91' lang='lat' dir='ltr'><strong>incendiis</strong></span> <span class='ocrx_word' id='word_1_205' title='bbox 799 3229 1015 3306; x_wconf 90' lang='lat' dir='ltr'><strong>ecclesiarum,</strong></span> <span class='ocrx_word' id='word_1_206' title='bbox 1045 3228 1250 3314; x_wconf 84' lang='lat' dir='ltr'><strong>proscriptio-</strong></span> 
     </span>
     <span class='ocr_line' id='line_1_30' title="bbox 190 3314 1251 3409; baseline 0.004 -25"><span class='ocrx_word' id='word_1_207' title='bbox 190 3324 283 3385; x_wconf 91' lang='lat' dir='ltr'><strong>nibus</strong></span> <span class='ocrx_word' id='word_1_208' title='bbox 309 3314 524 3402; x_wconf 80' lang='lat' dir='ltr'><strong>innocentum,</strong></span> <span class='ocrx_word' id='word_1_209' title='bbox 554 3326 700 3390; x_wconf 90' lang='lat' dir='ltr'><strong>caedibus</strong></span> <span class='ocrx_word' id='word_1_210' title='bbox 730 3336 895 3409; x_wconf 84' lang='lat' dir='ltr'><strong>martyrum</strong></span> <span class='ocrx_word' id='word_1_211' title='bbox 929 3329 1156 3394; x_wconf 90' lang='lat' dir='ltr'><strong>incessabiliter</strong></span> <span class='ocrx_word' id='word_1_212' title='bbox 1182 3335 1251 3389; x_wconf 89' lang='lat' dir='ltr'><strong>aeta</strong></span> 
     </span>
     <span class='ocr_line' id='line_1_31' title="bbox 193 3425 1250 3511; baseline 0.003 -27"><span class='ocrx_word' id='word_1_213' title='bbox 193 3430 248 3486; x_wconf 91' lang='lat' dir='ltr'><strong>est.</strong></span> <span class='ocrx_word' id='word_1_214' title='bbox 293 3425 440 3504; x_wconf 89' lang='lat' dir='ltr'><strong>Sequitur</strong></span> <span class='ocrx_word' id='word_1_215' title='bbox 462 3432 665 3490; x_wconf 88' lang='lat' dir='ltr'><strong>terraemotus</strong></span> <span class='ocrx_word' id='word_1_216' title='bbox 687 3429 719 3490; x_wconf 90' lang='lat' dir='ltr'><strong>in</strong></span> <span class='ocrx_word' id='word_1_217' title='bbox 743 3429 847 3510; x_wconf 85' lang='lat' dir='ltr'><strong>Syria,</strong></span> <span class='ocrx_word' id='word_1_218' title='bbox 876 3448 916 3492; x_wconf 93' lang='lat' dir='ltr'><strong>ex</strong></span> <span class='ocrx_word' id='word_1_219' title='bbox 945 3447 1007 3511; x_wconf 94' lang='lat' dir='ltr'><strong>quo</strong></span> <span class='ocrx_word' id='word_1_220' title='bbox 1035 3428 1115 3509; x_wconf 88' lang='lat' dir='ltr'><strong>apud</strong></span> <span class='ocrx_word' id='word_1_221' title='bbox 1137 3429 1250 3509; x_wconf 81' lang='lat' dir='ltr'><strong>Tyrum</strong></span> 
     </span>
     <span class='ocr_line' id='line_1_32' title="bbox 193 3522 1253 3603; baseline 0.004 -19"><span class='ocrx_word' id='word_1_222' title='bbox 193 3529 226 3584; x_wconf 88' lang='lat' dir='ltr'><strong>et</strong></span> <span class='ocrx_word' id='word_1_223' title='bbox 249 3522 393 3587; x_wconf 90' lang='lat' dir='ltr'><strong>Sidonem</strong></span> <span class='ocrx_word' id='word_1_224' title='bbox 420 3525 531 3603; x_wconf 89' lang='lat' dir='ltr'><strong>passim</strong></span> <span class='ocrx_word' id='word_1_225' title='bbox 552 3527 726 3590; x_wconf 88' lang='lat' dir='ltr'><strong>labentibus</strong></span> <span class='ocrx_word' id='word_1_226' title='bbox 749 3531 838 3592; x_wconf 90' lang='lat' dir='ltr'><strong>tectis</strong></span> <span class='ocrx_word' id='word_1_227' title='bbox 861 3530 955 3593; x_wconf 91' lang='lat' dir='ltr'><strong>multa</strong></span> <span class='ocrx_word' id='word_1_228' title='bbox 976 3530 1134 3592; x_wconf 91' lang='lat' dir='ltr'><strong>bominum</strong></span> <span class='ocrx_word' id='word_1_229' title='bbox 1158 3527 1253 3589; x_wconf 89' lang='lat' dir='ltr'><strong>millia</strong></span> 
     </span>
     <span class='ocr_line' id='line_1_33' title="bbox 193 3625 1252 3708; baseline 0.007 -25"><span class='ocrx_word' id='word_1_230' title='bbox 193 3631 342 3703; x_wconf 88' lang='lat' dir='ltr'><strong>prostrata</strong></span> <span class='ocrx_word' id='word_1_231' title='bbox 375 3631 455 3687; x_wconf 78' lang='lat' dir='ltr'><strong>sunt,</strong></span> <span class='ocrx_word' id='word_1_232' title='bbox 500 3625 643 3689; x_wconf 89' lang='lat' dir='ltr'><strong>Secundo</strong></span> <span class='ocrx_word' id='word_1_233' title='bbox 676 3632 899 3708; x_wconf 89' lang='lat' dir='ltr'><strong>persecutionis</strong></span> <span class='ocrx_word' id='word_1_234' title='bbox 932 3648 1013 3693; x_wconf 92' lang='lat' dir='ltr'><strong>anno</strong></span> <span class='ocrx_word' id='word_1_235' title='bbox 1040 3628 1252 3690; x_wconf 91' lang='lat' dir='ltr'><strong>Diocletianus</strong></span> 
     </span>
     <span class='ocr_line' id='line_1_34' title="bbox 194 3722 1252 3812; baseline 0.007 -29"><span class='ocrx_word' id='word_1_236' title='bbox 194 3722 233 3784; x_wconf 90' lang='lat' dir='ltr'><strong>ab</strong></span> <span class='ocrx_word' id='word_1_237' title='bbox 255 3725 352 3786; x_wconf 91' lang='lat' dir='ltr'><strong>invito</strong></span> <span class='ocrx_word' id='word_1_238' title='bbox 372 3725 478 3805; x_wconf 86' lang='lat' dir='ltr'><strong>exegit</strong></span> <span class='ocrx_word' id='word_1_239' title='bbox 492 3723 687 3803; x_wconf 88' lang='lat' dir='ltr'><strong>Maximiano,</strong></span> <span class='ocrx_word' id='word_1_240' title='bbox 710 3734 744 3789; x_wconf 92' lang='lat' dir='ltr'><strong>ut</strong></span> <span class='ocrx_word' id='word_1_241' title='bbox 765 3731 856 3792; x_wconf 90' lang='lat' dir='ltr'><strong>simul</strong></span> <span class='ocrx_word' id='word_1_242' title='bbox 879 3749 1042 3812; x_wconf 89' lang='lat' dir='ltr'><strong>purpuram</strong></span> <span class='ocrx_word' id='word_1_243' title='bbox 1066 3730 1252 3808; x_wconf 91' lang='lat' dir='ltr'><strong>imperium-</strong></span> 
     </span>
     <span class='ocr_line' id='line_1_35' title="bbox 129 3823 1253 3910; baseline 0.006 -28"><span class='ocrx_word' id='word_1_244' title='bbox 129 3837 133 3842; x_wconf 83' lang='lat'><em>·</em></span> <span class='ocrx_word' id='word_1_245' title='bbox 196 3838 258 3901; x_wconf 93' lang='lat' dir='ltr'><strong>que</strong></span> <span class='ocrx_word' id='word_1_246' title='bbox 280 3823 486 3903; x_wconf 90' lang='lat' dir='ltr'><strong>deponerent,</strong></span> <span class='ocrx_word' id='word_1_247' title='bbox 513 3843 550 3887; x_wconf 92' lang='lat' dir='ltr'><strong>ac</strong></span> <span class='ocrx_word' id='word_1_248' title='bbox 576 3824 749 3908; x_wconf 88' lang='lat' dir='ltr'><strong>junioribus</strong></span> <span class='ocrx_word' id='word_1_249' title='bbox 771 3829 804 3889; x_wconf 93' lang='lat' dir='ltr'><strong>in</strong></span> <span class='ocrx_word' id='word_1_250' title='bbox 826 3831 1045 3910; x_wconf 88' lang='lat' dir='ltr'><strong>rempublicam</strong></span> <span class='ocrx_word' id='word_1_251' title='bbox 1067 3828 1253 3905; x_wconf 82' lang='lat' dir='ltr'><strong>substitutis,</strong></span> 
     </span>
     <span class='ocr_line' id='line_1_36' title="bbox 196 3917 1255 4011; baseline 0.009 -30"><span class='ocrx_word' id='word_1_252' title='bbox 196 3921 255 3999; x_wconf 91' lang='lat' dir='ltr'><strong>ipsi</strong></span> <span class='ocrx_word' id='word_1_253' title='bbox 270 3917 314 3983; x_wconf 84' lang='lat' dir='ltr'><strong>&#39;in</strong></span> <span class='ocrx_word' id='word_1_254' title='bbox 342 3924 460 4003; x_wconf 88' lang='lat' dir='ltr'><strong>privato</strong></span> <span class='ocrx_word' id='word_1_255' title='bbox 489 3927 553 3987; x_wconf 92' lang='lat' dir='ltr'><strong>otio</strong></span> <span class='ocrx_word' id='word_1_256' title='bbox 581 3936 849 3992; x_wconf 87' lang='lat' dir='ltr'><strong>consenescerent.</strong></span> <span class='ocrx_word' id='word_1_257' title='bbox 893 3929 1000 4011; x_wconf 90' lang='lat' dir='ltr'><strong>ltaque</strong></span> <span class='ocrx_word' id='word_1_258' title='bbox 1027 3928 1085 3994; x_wconf 87' lang='lat' dir='ltr'><strong>sub</strong></span> <span class='ocrx_word' id='word_1_259' title='bbox 1112 3946 1175 3992; x_wconf 90' lang='lat' dir='ltr'><strong>una</strong></span> <span class='ocrx_word' id='word_1_260' title='bbox 1204 3929 1255 3992; x_wconf 91' lang='lat' dir='ltr'><strong>die</strong></span> 
     </span>
    </p>
   </div>
   <div class='ocr_carea' id='block_1_5' title="bbox 0 0 1333 4434">
    <p class='ocr_par' dir='ltr' id='par_1_5' title="bbox 0 0 1333 4434">
     <span class='ocr_line' id='line_1_37' title="bbox 0 0 1333 4434; baseline 0 0"><span class='ocrx_word' id='word_1_261' title='bbox 0 0 1333 4434; x_wconf 95' lang='lat' dir='ltr'><strong> </strong></span> 
     </span>
    </p>
   </div>
  </div>
 </body>
</html>
