2634 4434
561 336 631 405 127
705 362 716 370 ·

492 435 698 448 unt—„nua-

65 571 140 632 ium
161 571 331 648 demersae,
355 569 480 650 triginta
495 589 566 634 eum
580 571 804 655 pugnatoribus
824 579 941 652 captae,
963 582 1126 654 praetereo

65 671 194 753 trigimu
209 671 347 759 quipque
363 670 456 733 millia
472 673 602 735 militum
625 693 666 736 ex
689 673 762 754 ipsis
784 690 873 736 caesa
895 680 982 736 suut:
1006 674 1122 745 Ruma-

64 787 178 832 norum
197 779 302 833 autem
325 788 435 832 aorem
458 773 589 836 navibus
616 774 771 856 depressis
798 773 882 836 mille
910 777 1033 836 centum
1061 793 1121 854 pe-

63 871 151 932 riere
179 871 300 934 milites
345 871 496 936 Consules
526 874 607 954 apud
631 875 780 956 Clupeam
814 881 913 938 castra
946 882 1123 955 posuerunt

64 970 136 1032 Duo
148 971 308 1050 Ausones,
323 972 523 1051 imperatores
538 973 721 1054 Poenorum,
736 993 775 1037 eo
789 991 911 1038 rursum
925 993 996 1037 cum
1013 991 1125 1057 magno
1198 1027 1200 1032 ,

63 1073 208 1134 exercitu
228 1080 460 1152 convenerunt,
486 1074 667 1154 praelioque
700 1077 864 1138 commisso
893 1093 1004 1138 novem
1028 1075 1123 1137 millia

62 1172 197 1236 militum
210 1174 423 1254 perdiderunt.
465 1173 529 1237 Sed
551 1181 583 1236 et
603 1180 679 1237 tuuc
700 1175 780 1256 apud
793 1175 946 1238 Romanos
967 1193 1125 1256 nunquam

61 1274 213 1337 diuturna
233 1273 367 1336 felicitas
384 1280 472 1352 αεὶ,
501 1281 533 1336 et
554 1275 798 1356 qualescumque
819 1292 983 1339 successus
1006 1276 1125 1357 magnis

61 1375 216 1436 confinem
249 1374 397 1436 malorum
435 1374 566 1439 molibus
603 1375 820 1440 obruebantur.
880 1375 956 1440 Cum
988 1375 1124 1439 Romana

60 1475 175 1537 classis
196 1475 237 1536 ad
257 1473 373 1535 lmlmm
400 1475 522 1554 praedis
548 1484 658 1539 onusta
686 1484 856 1556 remearet,
883 1475 1011 1540 inlando
1039 1495 1122 1539 nau·-

58 1574 169 1655 iragio
192 1591 303 1635 eversa
324 1581 385 1634 est:
414 1592 485 1635 nam
510 1575 550 1637 de
578 1579 728 1640 trecennis
754 1576 886 1640 navibus
910 1578 1064 1640 ducentae
1092 1583 1125 1642 ct

60 1675 180 1757 uiginti
202 1674 378 1754 perierunt,
404 1673 561 1754 octogiuta
582 1676 636 1736 uix
656 1675 786 1757 abjectis
808 1677 954 1745 (eribus
976 1676 1125 1740 liberatae

61 1782 148 1839 suut.
191 1772 329 1836 Amilcar
349 1773 414 1835 dux
435 1775 617 1852 Poenorum,
643 1794 714 1838 cum
737 1777 876 1839 exercitu
899 1777 931 1838 in
952 1775 1125 1838 Numidiam

63 1874 344 1954 llauritauiamque
366 1875 493 1952 missus,
521 1881 682 1955 postquam
704 1876 857 1939 hostiliter
875 1884 1069 1960 cruenteque
1092 1877 1124 1938 iu

64 1978 230 2039 universos
252 1977 327 2057 egit,
351 1975 434 2055 quod
448 1974 601 2056 Regulum
623 1975 757 2039 libenter
778 1978 952 2057 suscepisse
974 1978 1123 2040 diceren-

63 2085 126 2155 tur,
152 2076 236 2138 mille
257 2075 377 2158 argenti
399 2076 522 2138 talentis
543 2083 577 2137 et
597 2076 708 2158 viginti
729 2077 863 2140 millibus
878 2078 970 2141 boum
986 2078 1124 2158 reliquos

63 2177 291 2240 condemnavit.
327 2176 484 2256 Principes
506 2183 608 2239 autem
631 2179 768 2246 omnium
790 2179 971 2258 populorum
987 2177 1124 2257 patibulo

63 2276 192 2340 suffixit.
235 2277 339 2338 Tertio
364 2295 465 2355 anno,
492 2276 573 2339 sieut
593 2293 716 2358 semper
735 2277 904 2344 indomitus
927 2276 1014 2340 luror
1035 2272 1122 2359 [2401

65 2380 130 2442 cito
152 2377 359 2458 periculorum
382 2376 586 2455 obliviscitur,
610 2377 760 2440 Servilius
782 2378 896 2458 Caepio
919 2385 949 2440 et
971 2377 1122 2457 Sempro-

66 2483 139 2542 nius
162 2478 288 2541 blaesus
310 2477 472 2555 cousules,
499 2495 569 2537 cum
591 2476 735 2538 ducentis
755 2478 916 2558 sexaginta
939 2477 1068 2539 nauibus
1092 2478 1122 2536 in

66 2578 205 2642 Africam
228 2579 421 2660 compressi,
444 2577 619 2639 universam
634 2582 718 2638 oram
734 2577 925 2656 maritimam,
947 2595 1028 2657 quae
1043 2577 1125 2638 cirea

68 2679 178 2761 Syrtes
195 2678 289 2760 jacet,
312 2677 488 2759 depopulati
509 2683 598 2740 sunt:
621 2683 715 2758 atque
737 2677 769 2738 in
784 2679 943 2758 superiora
958 2677 1124 2760 progressi,

69 2781 166 2862 captis
192 2781 375 2860 eversisque
401 2777 576 2840 ciuitatibus
603 2776 758 2858 plurimis,
789 2779 949 2858 ingentem
981 2779 1123 2858 praedam

65 2882 108 2944 ad
136 2881 267 2944 classem
295 2881 496 2956 devexerunt
540 2876 632 2956 lude,
658 2896 730 2940 cum
763 2879 801 2943 ad
834 2877 949 2940 ltaliam
977 2878 1125 2957 redirent,

70 2984 153 3045 circa
175 2981 310 3044 Palinuri
332 2979 588 3062 promontorium,
615 2979 702 3061 quod
723 2999 742 3042 a
762 2979 894 3042 Lucanis
917 2978 1071 3042 montibus
1093 2980 1124 3042 iu

70 3083 167 3145 ultum
192 3082 347 3159 enerrrrit,
375 3081 448 3144 illisi
474 3078 609 3160 scopulis
637 3087 761 3142 centum
784 3080 1008 3162 quinquaginta
1030 3087 1126 3143 nav'es

71 3184 245 3262 onerarias,
274 3181 472 3260 nobilemque
494 3177 637 3259 praedam
661 3177 829 3242 crudeliter
850 3181 1049 3260 adquisitam,
1072 3181 1125 3241 in·

71 3283 207 3346 feliciter
234 3281 442 3365 perdiderunt.
488 3278 569 3341 Vicit
594 3277 759 3358 aliquando
785 3278 867 3358 apud
893 3279 1045 3365 Romanos
1073 3281 1126 3342 in-

72 3385 285 3464 probissimam
306 3380 504 3460 cupiditatem
520 3380 685 3442 enormitas
701 3379 906 3442 miseriarum:
930 3399 999 3443 uam
1015 3381 1129 3464 Patres,

73 3485 187 3564 quibus
210 3486 273 3566 jam
302 3482 444 3543 nauticae
470 3479 518 3540 rei
550 3486 725 3561 pertaesum
757 3488 855 3564 esset,
888 3482 1056 3562 decrevere
1089 3502 1129 3546 ne

74 3585 205 3666 amplius
225 3603 318 3664 quam
341 3581 501 3662 sexaginta
522 3582 646 3644 nav-iuna
670 3581 776 3646 classis
790 3583 828 3646 ad
843 3584 1012 3665 subsidium
1028 3583 1128 3645 habe-

75 3694 161 3748 retur
181 3685 305 3762 ltaliae,
337 3682 565 3764 quodquidam
588 3683 746 3746 decretum
770 3687 916 3748 continuo
942 3684 1042 3746 adacti
1074 3675 1127 3743 in-'

77 3787 192 3848 domita
213 3784 381 3866 cupiditate
401 3790 560 3866 ruperunt.
596 3784 758 3869 Praeterea
781 3785 867 3846 Cotta
888 3783 997 3844 consul
1020 3782 1051 3840 in
1075 3781 1147 3844 Si-.
1262 3769 1266 3774 ξ

79 3886 180 3948 cilium
204 3894 413 3968 transgressus
445 3885 593 3966 plurimis>
613 3885 737 3964 praeliis
764 3885 926 3946 adversum
949 3881 1067 3944 Poenos
1101 3890 1131 3946 et

80 3986 200 4052 Siculos
223 3995 304 4052 terra
327 3988 465 4066 inanique
481 3985 637 4066 pugnauit,
662 3992 693 4048 et
714 4002 770 4062 per
792 3989 883 4044 totam
896 3979 1033 4045 vSiciliam
1057 4002 1130 4062 par-
