2634 4434
568 356 642 426 277

499 458 707 469 -ηι-ι·

64 589 221 670 ¹Vandali,
249 589 422 678 Sarmatae,
449 590 544 654 Suevi
576 597 671 672 atque
698 591 797 652 omnis
824 609 923 671 paene
953 583 1129 674 (hermonim

71 699 106 753 et
128 694 161 754 in
182 684 357 767 Qundornm
380 709 480 773 usqne
501 689 579 753 lines
601 708 783 773 progressus
811 693 966 753 exercitus
994 697 1131 759 circum-

71 799 251 875 ventusque
278 793 317 856 ab
345 793 486 857 hostibus
521 799 645 874 propter
675 810 821 873 aquarum
850 793 1008 873 penuriam
1038 813 1134 875 pmnu

70 895 196 956 sentius
217 895 301 972 sitis,
327 911 420 974 quam
448 888 544 956 hostis
573 894 743 974 perieulum
771 895 954 956 sustineretr
977 895 1016 956 ad
1039 898 1133 960 iuro*

62 995 230 1067 ¹ontionem
255 996 389 1058 nominis
412 994 539 1070 Christi,
567 1012 657 1074 quam
685 994 788 1056 subito
816 1012 924 1075 magna
952 995 1024 1058 fidei
1053 1015 1133 1061 oon-

69 1095 187 1158 stentia
217 1096 338 1176 quidam
371 1095 487 1156 milites
519 1094 610 1155 effusi
643 1096 676 1154 in
709 1111 818 1172 preces
851 1094 947 1174 palam
981 1095 1134 1179 lecerunt,

70 1202 159 1258 unta
180 1197 229 1259 vis
250 1195 373 1276 pluviae
396 1193 495 1255 effusa
515 1199 573 1268 est,
595 1199 631 1254 ut
650 1191 803 1254 Romanos
825 1195 947 1274 quidem
964 1195 1136 1278 largissime
1228 1177 1238 1196 ,

71 1314 112 1358 no
135 1279 209 1358 sine
226 1295 339 1376 injuria
360 1292 517 1372 refecerit,
539 1293 685 1356 barbaros
707 1301 809 1356 autern
832 1295 949 1358 crebris
971 1295 1133 1362 fulminum

69 1395 192 1458 ictibus
213 1394 409 1483 perterritos,
436 1396 615 1474 praesertim
636 1409 707 1458 cunr
729 1396 853 1478 plurimi
874 1409 982 1459 eorum
1005 1399 1133 1463 occide*

68 1501 203 1572 rentur,
232 1495 266 1556 iu
293 1493 396 1576 lugam
425 1496 570 1576 coegerit.
615 1497 752 1569 Quorum
776 1505 861 1578 terga
882 1497 1010 1561 Romani
1032 1511 1134 1582 usque

71 1596 116 1659 nd
149 1595 394 1658 internecionem
427 1597 593 1658 caedentes
624 1596 874 1677 gloriosissimam
900 1600 1075 1678 victorium,
1104 1605 1137 1664 et

73 1697 222 1759 omnibus
243 1713 342 1776 paene
364 1697 559 1776 antiquorum
583 1696 679 1758 titulis
702 1695 945 1776 praeferendam,
966 1699 1036 1760 rudi
1059 1715 1134 1780 prr-

72 1815 182 1879 roque
211 1797 341 1860 militurn
369 1811 518 1873 numero,
548 1795 602 1857 sed
629 1798 841 1876 potentissimo
870 1797 980 1861 Christi
1009 1802 1136 1879 auxilio,

73 1904 283 1977 reportarunt
328 1899 457 1962 Exstare
489 1898 581 1959 etiam
615 1916 698 1959 nuno
730 1898 810 1979 apud
841 1899 1006 1980 plerosque
1044 1899 1136 1978 [495]

76 1999 225 2062 dicuutur
245 1999 353 2062 literae
375 1999 570 2080 imperatoris
592 1986 752 2077 Antonini,
778 2000 832 2062 ubi
854 2001 1050 2066 invocatione
1074 2017 1136 2066 nov

79 2100 174 2162 minis
196 2099 307 2163 Christi
329 2119 386 2181 per
406 2101 519 2163 milites
542 2099 729 2163 Christianos
753 2109 784 2163 ct
803 2103 885 2164 sitim
914 2103 996 2165 illam
1024 2105 1138 2185 depul-

80 2218 159 2278 sam,
182 2207 214 2262 et
235 2201 374 2262 collatam
397 2199 512 2262 fatetur
532 2198 629 2262 luisse
650 2203 821 2262 victoriam.
864 2202 1012 2280 Idemque
1033 2203 1138 2265 Anto-

77 2302 173 2362 ninus
190 2300 398 2377 Commodum,
421 2299 516 2360 lilium
538 2313 639 2376 suurn,
662 2301 810 2360 adsumsit
826 2301 855 2360 in
872 2318 1019 2382 regnum3
1043 2320 1137 2382 prae-

77 2402 166 2464 teriti
188 2403 278 2463 etiam
303 2401 448 2480 temporis
470 2417 525 2478 per
546 2417 653 2460 omnes
675 2402 848 2478 provincias
869 2402 983 2462 tributa
1003 2405 1137 2478 donavit,

79 2503 248 2580 omniaque
264 2501 355 2563 simul
369 2498 518 2560 fiscalium
533 2500 727 2578 negotiorum
744 2499 931 2560 calumniosa
944 2509 1140 2562 monumenta

80 2607 232 2682 congesta
254 2601 286 2660 in
308 2598 375 2660 foro
393 2599 487 2680 jussit
508 2597 648 2674 incendi,
676 2593 914 2678 severioresque
942 2600 1028 2682 leges
1052 2602 1141 2662 novis

80 2699 356 2764 constitutionibus
385 2700 573 2779 temperavit.
627 2698 783 2760 Postremo
805 2695 851 2760 'in
876 2701 1030 2786 Pannqnia
1060 2719 1140 2764 cou-

81 2802 210 2865 stitutus
231 2802 394 2882 repentino
417 2798 523 2861 morbo
546 2798 627 2862 diem
650 2799 734 2862 obiit.

433 3053 626 3191 Caput
675 3049 797 3161 All.

111 3252 154 3324 L.
174 3255 342 3324 Antonini
363 3255 549 3339 Commodi,
571 3253 612 3326 Ρ.
632 3254 721 3322 Aelii
743 3253 949 3336 Pertinacis,
972 3257 1007 3324 ei
1026 3257 1124 3326 Didii

224 3357 360 3428 dulicni
381 3350 575 3425 Caesarum
595 3356 832 3441 Anqnalornm
855 3359 1008 3444 imperio.

174 3516 266 3579 Anno
288 3517 326 3578 ab
348 3516 429 3578 Urbe
451 3515 573 3577 conditu
594 3514 812 3592 DCCCCXXX.
835 3515 948 3580 Lucius
970 3516 1146 3582 Antoninus
1265 3568 1275 3584 .

90 3617 290 3694 Commodus,
319 3617 582 3698 quintusdecimus
604 3617 642 3678 ab
665 3616 821 3697 Augusto,
844 3621 922 3699 patri
943 3617 1093 3680 suceessit
1115 3617 1148 3676 in

90 3729 238 3800 regnum:
263 3720 436 3800 mansitque
457 3719 491 3779 in
513 3735 552 3780 eo
574 3719 662 3780 annis
685 3718 841 3782 tredecim.
879 3717 1037 3779 Adversus
1060 3710 1146 3796 [496]

91 3817 260 3881 Germanos
273 3819 389 3882 bellum
412 3817 546 3881 feliciter
564 3821 671 3900 gessit.
704 3819 848 3881 Ceterum
863 3834 918 3896 per
933 3816 1033 3878 omnia
1048 3814 1146 3879 luxu·

91 3918 159 3982 riae
173 3926 205 3981 et
223 3919 442 3982 obscoenitatis
463 3919 615 3981 dedecora
637 3919 831 3999 depravatus,
852 3915 1041 3999 gladiatoriis·
1064 3926 1147 3996 qno*
1182 3945 1185 3952 ·

92 4038 157 4100 que
167 4021 262 4084 armis
276 4019 454 4099 saepissime
469 4019 502 4080 iu
517 4018 592 4098 ludo
605 4019 811 4099 depugnavit,
832 4023 863 4080 et
881 4017 912 4080 in
927 4015 1148 4096 amphitheatro

939 4131 993 4186 18*
