2634 4434
642 333 846 444 ...Au-

216 579 293 641 duos
315 581 347 637 et
368 571 499 634 accitum
515 587 556 632 ex
569 569 675 633 Sicilia
691 568 885 644 Animarum,
908 529 1259 630 atrocissimambollum

216 678 328 762 gessit,
357 675 396 736 in·
417 689 479 752 quo
506 688 597 734 caesa
624 675 697 732 sunt
724 668 1021 747 Carthaginiensium
1050 667 1259 748 septemdecim

215 779 327 855 millia3
358 779 446 853 capta
474 777 577 833 autem
605 771 745 850 quinque
774 768 883 845 millia,
917 765 1072 848 elephanti
1101 768 1209 860 decem
1235 774 1260 829 at

215 875 286 943 octo
307 875 447 949 abducti,
474 871 584 953 oppidu
613 870 769 952 octogiuta
797 869 859 932 duo
881 868 918 948 in
935 868 1261 932 deditionem-cessere

213 978 369 1043 humanis.

218 1198 309 1315 {aar
583 1189 777 1327 icput
824 1186 902 1298 lli.

238 1410 541 1496 Gurthopinienaca
567 1413 692 1494 nepotc
724 1409 789 1476 sibi
819 1425 906 1494 poce
938 1409 1072 1476 omnibu
1097 1413 1247 1496 tundimur

167 1528 170 1533 “
238 1513 470 1590 contraxisse,
492 1530 535 1577 oo
552 1509 754 1594 Xanthippo
772 1509 1044 1578 Lacedaemonio
1067 1513 1156 1578 duce
1174 1511 1246 1579 Ro-

124 1697 136 1704 ·
236 1635 360 1684 monos
380 1614 560 1692 atrociore,
581 1612 750 1697 Repetunt
764 1613 909 1698 cepisse,
932 1631 1074 1698 comque
1087 1614 1247 1697 injnriom

405 1702 586 1805 Aemilium
609 1719 644 1781 ci
664 1710 828 1780 Fuluium
849 1716 940 1781 altos
957 1710 1082 1800 fuisse.

302 1885 571 1965 Carthaginienses
583 1882 670 1945 iraoti
682 1883 772 1945 bellis
787 1890 819 1951 et
833 1882 972 1946 cladibus
988 1885 1150 1962 exinaniti,
1167 1902 1263 1965 pacem

218 2010 235 2052 a
257 1986 376 2068 Regulo
397 1990 619 2063 poposcerunt:
643 1983 699 2044 sed
721 2001 791 2044 cum
811 1983 1021 2046 intolerabiles
1036 1991 1068 2048 et
1082 1984 1176 2047 duras
1191 2001 1263 2047 con-

218 2089 352 2152 ditiones
372 2083 457 2164 pacis
479 2082 646 2159 audissent,
670 2083 765 2144 tutius
782 2084 840 2145 rati
856 2099 926 2145 sese
941 2091 1073 2147 armatos
1089 2086 1168 2146 mori
1184 2101 1264 2166 quan

217 2191 348 2254 miseros
369 2185 486 2262 rivere,
508 2182 607 2264 pretio
630 2199 692 2244 non
715 2181 814 2244 solum
829 2181 1031 2263 Hispanorum
1050 2184 1101 2247 vel
1117 2183 1265 2247 Gallorum

218 2289 344 2363 auxilia,
367 2285 521 2365 quaejam
537 2282 651 2345 dudum
668 2281 796 2362 plurima
811 2281 974 2360 habebant,
991 2285 1154 2346 sedetiam
1175 2285 1267 2348 Grue-

219 2407 324 2453 corum
347 2382 549 2464 comparanda
576 2381 741 2444 duxerunt.
784 2381 891 2464 ltaque
920 2370 1141 2464 Xanthippum,
1172 2387 1266 2449 Laoc-

219 2488 450 2556 duemoniorum
477 2500 600 2566 regern,
630 2501 700 2545 cum
728 2483 852 2546 auxiliis
883 2485 1015 2546 accitum
1048 2485 1158 2546 ducem
1196 2486 1267 2550 bello

218 2589 444 2674 praefecerunt.
487 2583 678 2664 Xanthippus
700 2584 847 2664 inspectis
868 2585 1039 2647 Poenorum
1062 2586 1159 2666 copiis
1183 2595 1266 2668 atquc

218 2695 251 2754 in
279 2703 417 2767 campum
446 2683 603 2759 deductis,
632 2684 726 2765 longe
759 2685 791 2746 in
824 2675 935 2746 meliu's
968 2691 1084 2747 mutato
1115 2687 1265 2766 adparatu,

218 2805 352 2873 pugnam
374 2803 443 2848 cum
466 2781 610 2845 nonnanis
632 2783 798 2846 conseruit.
843 2781 956 2866 lugens
979 2785 1023 2848 ibi
1044 2787 1132 2850 ruina
1155 2786 1264 2850 Roma·

177 2969 179 2975 Α
218 2894 327 2953 narum
349 2888 461 2948 virium
485 2883 558 2946 suit:
584 2900 653 2944 nam
675 2885 801 2966 triginta
824 2885 917 2948 millia
939 2885 1144 2950 Romanorum
1166 2889 1200 2950 in
1221 2886 1265 2949 illa

218 2999 293 3053 tunc
315 2984 536 3067 congressione
558 2990 707 3063 prostrata
729 2991 810 3050 suut.
841 2985 978 3068 Regulus
1001 2987 1053 3050 ille
1075 2989 1139 3051 dux
1160 2986 1265 3050 nobilis

219 3107 289 3155 cum
313 3084 594 3169 quingentisviris
621 3091 728 3164 captus
755 3091 804 3148 est
832 3093 863 3149 et
890 3088 921 3150 in
949 3095 1074 3151 catenas
1102 3091 1264 3170 conjectus,
1306 3131 1307 3144 2

219 3192 341 3256 decimo
361 3189 484 3251 domum
506 3202 588 3249 auno
609 3185 716 3248 Punici
738 3185 812 3249 belli
834 3188 968 3250 nobilem
991 3189 1175 3270 triumphum
1192 3190 1263 3252 Car-

219 3289 463 3374 thaginiensibus
477 3288 624 3370 praebuit.
660 3285 851 3369 Xanthippus
872 3295 933 3351 tam
955 3289 1080 3359 audacis
1102 3287 1175 3352 facti
1190 3307 1263 3352 cou-
1306 3343 1307 3356 ,

219 3395 319 3477 scius,
344 3407 447 3450 rerum
463 3388 650 3450 instabilium
665 3389 864 3452 mut-ationem
883 3390 994 3453 timeus
1013 3389 1096 3453 illico
1112 3407 1153 3452 ex
1167 3389 1264 3454 Africa
1306 3383 1307 3470 l

220 3488 313 3566 [239]
339 3488 481 3569 migravit
508 3489 540 3549 in
568 3487 736 3552 Graeciam.
781 3489 879 3572 igitur
911 3490 1063 3555 Aemilius
1095 3489 1206 3553 Paulus
1237 3495 1264 3552 et

218 3592 343 3655 Fulvius
365 3587 504 3650 Nobilior
524 3590 679 3667 consules,
701 3589 804 3652 audita
822 3592 997 3672 captivitate
1011 3590 1122 3674 Reguli
1138 3599 1170 3655 et
1184 3590 1264 3654 clade
1306 3619 1307 3624 κ

218 3693 374 3760 exercitus
396 3689 539 3767 Romani,
562 3690 692 3751 transire
715 3690 746 3750 in
769 3688 904 3753 Africam
927 3709 997 3754 cum
1020 3693 1118 3756 classe
1140 3698 1262 3755 trecen-

216 3802 316 3854 tarum
339 3791 462 3853 navium
486 3791 581 3872 jussi,
610 3788 755 3868 Clupeam
777 3796 892 3868 petunt.
937 3791 982 3855 llo
1005 3792 1168 3856 confestim
1191 3793 1262 3855 Car-

216 3891 427 3972 thaginienses
455 3907 525 3951 cum
552 3890 616 3969 pari
639 3889 737 3951 classe
759 3900 929 3971 venerunt,
952 3913 1011 3958 nec
1033 3893 1151 3957 differri
1172 3892 1263 3975 potuit

217 3990 326 4052 navale
348 3997 511 4054 certamen.
553 3990 737 4066 Certumst
759 3999 891 4070 quatuor
912 4011 1007 4059 naves
1030 3994 1261 4077 Carthaginien·
1305 4025 1306 4064 ς
