2634 4434
614 311 821 425 -Q

192 558 314 621 Postera
340 564 442 620 autem
472 554 521 619 die
551 573 620 618 curt
648 554 823 637 permixtim
847 569 974 634 corpora
997 552 1035 615 ad
1056 552 1253 633 sepulturam

190 658 458 735 discernerentur,
492 658 579 719 miles
607 654 809 737 Pompeianus
837 652 938 715 fratria
963 654 1029 732 sui,
1058 668 1151 735 quern
1181 656 1252 736 ipse

190 758 404 835 interfecerat,
438 772 549 838 corpus
581 758 716 840 agnovit.
762 755 796 816 ln
825 768 985 817 concursu·
1007 756 1091 816 enirn
1120 757 1252 837 utrique

190 860 398 941 cognitionem
420 859 523 921 vultus
545 858 644 941 galea,
668 856 944 920 considerationem
967 854 1054 917 furor
1070 855 1249 921 ademerat:

108 957 114 971 ‘
189 962 329 1041 quamvis
357 974 462 1040 parum
491 960 531 1021 sit
557 959 667 1040 culpae
688 959 771 1021 eirca
793 957 1012 1039 ignorantiam,
1039 962 1075 1018 ut
1101 957 1252 1020 videatur

189 1062 327 1123 nescisse
359 1062 398 1123 dc
426 1060 536 1148 fratre,
571 1075 664 1139 quem
694 1075 756 1120 nen
783 1057 949 1139 ambigitur
973 1057 1071 1120 scisse
1097 1058 1138 1119 de
1165 1058 1248 1120 eive.

188 1159 296 1241 ltaque
316 1163 418 1224 victor
438 1162 522 1224 victe
543 1158 709 1237 infelicior,
731 1157 786 1221 ulti
807 1164 840 1221 et
861 1156 963 1220 fratris
984 1172 1097 1238 corpas
1116 1156 1250 1241 eguerit

188 1268 220 1323 et
241 1262 437 1341 parricidium
460 1276 567 1335 suum,
590 1267 768 1323 exsecratas
789 1258 872 1322 bella
893 1259 1014 1337 civilia,
1036 1258 1111 1321 iliae
1135 1266 1249 1339 pectus

187 1376 277 1425 auum
298 1363 401 1443 gladic
423 1360 690 1438 manaverberans,
717 1358 872 1441 simulque
893 1359 1034 1421 lacrimas
1055 1364 1088 1421 et
1108 1362 1247 1442 sangui-

187 1476 258 1523 nem
286 1460 420 1525 fundens
452 1480 545 1543 super
571 1456 740 1523 fraternum
771 1476 842 1523 sese
875 1460 1009 1523 cadaver
1037 1459 1161 1542 abjecit.
1208 1460 1248 1523 lit

187 1561 261 1641 quid
282 1561 342 1626 hcc
363 1561 478 1643 prefuit
499 1560 538 1625 ad
559 1560 773 1625 confusionem
795 1560 929 1623 crudelis
951 1562 1076 1640 incepti,
1104 1562 1190 1641 quod
1213 1563 1246 1623 in

185 1664 284 1743 primo
309 1664 411 1726 statim
433 1662 584 1726 bellorum
606 1661 744 1725 civilium
767 1662 896 1723 exordio
917 1659 1039 1723 infamia
1062 1660 1142 1723 fama
1163 1680 1245 1742 per·

187 1760 273 1847 [ott]
297 1764 427 1838 crebuit,
451 1764 645 1826 concurrisse
668 1764 792 1845 ignaros
809 1762 932 1841 quidem
948 1760 1069 1839 fratres,
1086 1763 1143 1824 sed
1158 1779 1244 1824 cort-

185 1867 266 1931 acies
289 1866 389 1926 cives=
418 1865 543 1943 petiisse
570 1860 695 1925 fratrem
722 1862 842 1928 scelere
869 1864 1018 1925 victorem
1044 1862 1144 1943 spolia
1171 1861 1244 1925 fra-

185 1965 241 2027 tris
263 1965 370 2027 eccisi:
395 1980 432 2025 ae
454 1982 525 2025 mcx
547 1970 649 2025 tumme
672 1963 868 2028 immanitatis
889 1978 976 2023 reum
1000 1960 1109 2024 eodem
1136 1962 1246 2045 gladie

184 2071 277 2144 atque
300 2064 405 2126 eadem
429 2080 520 2125 manu
543 2080 598 2144 per
619 2079 706 2124 suam
727 2080 836 2124 necem
851 2062 1058 2142 parricidium,
1082 2063 1164 2143 quod
1179 2064 1244 2125 atl-

183 2165 323 2241 miserat,
345 2163 541 2227 vindicasse?
585 2161 741 2243 Numquid
762 2162 895 2243 aliquem
923 2162 956 2224 in
984 2168 1136 2224 tantarum
1162 2166 1244 2225 ani-

184 2262 324 2327 mositate
356 2266 487 2344 partium
516 2270 577 2326 tam
604 2266 694 2326 triste
721 2264 816 2326 mevit
842 2263 1039 2343 exemplum?
1082 2263 1244 2344 Numquid

183 2364 262 2445 apud
285 2381 459 2445 quenquam
482 2364 652 2445 periculum
680 2364 808 2427 sceleris
834 2364 947 2447 repulit
973 2370 1075 2427 terror
1101 2364 1243 2427 enoria?

181 2464 336 2545 Numquid
357 2464 443 2542 haee,
467 2482 546 2545 quae
561 2467 733 2528 communis
746 2473 796 2529 est
810 2467 902 2527 etiarn
917 2482 986 2527 eum
1002 2464 1124 2543 belluis,
1139 2466 1243 2546 pietas

181 2573 213 2627 et
233 2563 409 2627 reverentia
432 2573 576 2644 naturae,
604 2566 687 2646 quctl
715 2582 796 2629 unus
817 2564 997 2647 perimenda
1018 2582 1056 2627 ac
1077 2568 1242 2646 pereundo

181 2666 348 2742 commisit,
372 2668 444 2744 quia
472 2668 504 2727 in
532 2682 567 2729 ae
594 2667 645 2747 agi
671 2672 790 2746 posset,
822 2667 998 2743 intremuit,
1030 2683 1165 2747 seseque
1199 2668 1239 2730 alt

179 2765 355 2848 hujusmodi
376 2766 499 2847 incepto
521 2767 712 2831 conscientia
732 2768 833 2829 victus
854 2768 1001 2829 remouit:
1030 2767 1111 2840 Quin
1133 2768 1239 2848 potius

179 2868 268 2929 annis
301 2864 367 2927 fere
400 2858 893 2949 quadraginta'mnsequentibus
922 2869 1098 2929 intantum
1129 2870 1236 2931 coan-

179 2970 271 3027 naata
293 2971 365 3026 sant
387 2965 467 3027 bella
495 2966 614 3044 civilia,
641 2973 677 3027 ut
703 2967 881 3049 magnitude
908 2968 1008 3031 laudis
1033 2968 1238 3048 adpendenda

179 3080 219 3127 ea
241 3064 451 3146 magnitudine
473 3066 600 3128 sceleris
622 3074 788 3147 putaretur.
833 3067 948 3130 Omnes
970 3071 1052 3130 enim
1075 3077 1145 3149 pest
1172 3069 1235 3132 tale

178 3166 394 3228 documentum
417 3167 449 3228 in
472 3166 526 3229 tali
547 3166 655 3231 militia
678 3170 909 3249 parricidiorum
932 3170 1069 3249 pericula
1091 3168 1233 3252 refugis-

176 3274 255 3344 sent,
278 3268 338 3329 nisi
360 3268 521 3349 parricidia
544 3269 610 3349 ipsa
626 3270 804 3333 valuissent.
841 3268 938 3351 igitur
952 3266 1065 3333 ilarius
1081 3270 1233 3333 coloniam

177 3364 350 3428 Ostiensem
372 3370 403 3428 vi
426 3368 599 3449 ingressus,
622 3372 725 3433 omnia
746 3370 791 3433 ibi
811 3386 928 3451 genera
949 3370 1101 3450 libidinis,
1117 3372 1231 3433 avari·

175 3466 237 3527 tiae
269 3472 301 3527 et
333 3467 522 3531 crudelitatis
554 3472 704 3532 exercuit.
747 3470 908 3552 Pompejus
939 3468 1069 3533 fulmine
1102 3470 1232 3533 adflatus

174 3566 305 3628 interiit:
339 3570 496 3630 exercitus
528 3585 605 3631 vero
636 3572 706 3652 ejus
738 3571 913 3654 pestilentia
941 3578 1103 3651 correptus
1131 3588 1233 3651 paene

173 3672 255 3728 tenta
276 3666 435 3732 absumtos
458 3676 513 3731 est.
550 3669 625 3731 Nam
647 3670 791 3732 undecim
807 3670 901 3733 millia
915 3672 1052 3734 virorum
1067 3672 1107 3734 de
1122 3672 1231 3735 castris

172 3765 307 3845 Pompeii
335 3776 470 3847 mortua,
497 3784 556 3831 sex
582 3769 677 3831 millia
704 3776 806 3831 uatem
832 3770 873 3833 de
895 3779 981 3851 parte
1003 3771 1125 3835 Octavii
1148 3786 1230 3834 con*

175 3860 276 3959 [3453]
298 3868 373 3929 solis
408 3869 579 3929 desiderata
612 3875 692 3931 sunt.
736 3868 849 3931 Marius
878 3870 1004 3933 Antium
1032 3879 1065 3934 et
1092 3872 1230 3935 Ariciam

173 3962 312 4025 civitates
333 3966 485 4029 hostiliter
506 3968 630 4046 irrupit,
659 3976 849 4052 cunctasque
877 3972 909 4033 in
935 3972 983 4035 iris
1004 3979 1129 4052 praeter
1150 3990 1228 4055 prc-
