2634 4434
694 307 766 381 158

627 409 834 420 —n—-n—t—

202 549 344 612 omuibus
366 549 399 609 'el
420 547 558 629 diligitur
579 548 767 612 attinetur
811 545 943 608 Eaedem
967 546 1071 628 leges,
1100 563 1181 628 quae
1203 549 1258 610 uui

201 651 268 713 Deo
290 649 448 730 subjectae
470 655 553 724 sunt,
575 643 694 728 ubique
716 649 925 710 dominantur:
948 645 1169 728 ubicumque
1160 665 1256 730 iguo-

200 759 251 814 tus
282 765 458 824 accessero,
491 749 683 828 repentinam
716 749 778 811 vim
810 756 964 829 tamquam
997 748 1162 810 destitutus
1195 765 1257 810 non

200 852 392 932 pertimesco
429 848 514 910 lnter
534 847 697 926 Romanos,
720 855 755 910 ut
776 848 851 926 dixi,
874 847 1038 930 Romanus,
1060 849 1143 911 inter
1166 849 1258 910 Chri·

200 953 316 1014 stianos
343 950 549 1026 Christianus,
580 949 662 1010 iuter
691 949 831 1010 homines
858 948 949 1010 homo
976 949 1099 1031 legibus
1126 948 1257 1029 imploro

199 1051 430 1132 rempublicam,
452 1049 605 1131 religione
621 1049 852 1126 conscientiam,
875 1050 1091 1123 communione
1107 1057 1256 1112 naturam.

199 1151 276 1214 Utor
298 1151 481 1232 temporarie
503 1150 587 1212 omni
609 1155 691 1210 terra
714 1149 802 1229 quasi
831 1151 943 1230 patria:
968 1151 1055 1230 quia,
1078 1167 1160 1230 quae
1182 1168 1257 1212 vera

200 1260 264 1331 est,
293 1259 325 1314 et
352 1251 420 1330 illa,
447 1268 538 1330 quarn
566 1266 653 1328 auro,
680 1249 776 1329 patria
803 1249 835 1310 in
866 1255 946 1310 terra
969 1250 1092 1330 penitus
1114 1267 1179 1312 non
1201 1257 1256 1312 est.

199 1353 282 1416 Nihil
304 1352 439 1433 perdidi,
468 1350 522 1411 ubi
550 1350 627 1412 nihil
654 1349 769 1411 amavi:
799 1355 959 1430 totumque
986 1349 1102 1428 habeo,
1132 1349 1257 1430 quando

200 1470 293 1534 quern
316 1451 422 1532 diligo,
443 1467 564 1517 mecum
587 1457 644 1526 est,
669 1449 799 1512 maxime
822 1451 894 1530 quia
913 1457 944 1512 et
956 1451 1036 1531 apud
1051 1468 1160 1513 omnes
1175 1450 1256 1512 idem

200 1552 338 1634 est,qui
361 1567 493 1612 menon
516 1550 735 1612 modonotum
763 1551 920 1629 omnibus,
949 1569 1056 1612 verum
1085 1558 1117 1614 et
1144 1553 1255 1631 proxi-

199 1672 283 1716 mum
305 1653 393 1716 iacit.
417 1669 477 1715 nec
498 1659 641 1733 egentem
666 1651 797 1730 deserit,
821 1653 893 1732 quia
918 1653 1013 1733 ipsius
1042 1659 1088 1714 est
1116 1659 1198 1714 terra
1227 1659 1257 1714 ct

199 1754 359 1836 plenitudo
382 1753 460 1832 ejus,
479 1771 519 1814 ex
534 1770 595 1832 qua
610 1753 752 1814 omnibus
768 1753 869 1813 omnia
879 1753 972 1833 jussit
986 1770 1056 1816 esse
1072 1753 1255 1816 communia.

199 1855 283 1916 llaec
304 1860 376 1916 sunt
398 1859 571 1913 nostrorum
594 1858 764 1932 temporum
787 1851 883 1928 bona,
913 1871 992 1932 quae
1020 1855 1052 1916 in
1080 1859 1177 1915 lotum
1206 1854 1257 1916 vel

199 1957 232 2016 in
255 1953 475 2034 tranquillitate
497 1953 716 2032 praesentium,
738 1951 819 2012 vel
811 1969 842 2011 ιιι
864 1969 918 2031 spe
941 1951 1125 2032 futurorum,
1151 1954 1234 2016 vel'
1226 1972 1256 2015 ιιι

198 2053 342 2136 perfugio
357 2053 511 2114 communi
527 2070 589 2113 non
605 2053 740 2114 habuere
756 2052 901 2132 majores:
919 2071 955 2114 ac
969 2071 1025 2134 per
1039 2055 1122 2116 hoc
1113 2071 1255 2124 incessa-

198 2154 273 2217 bilia
294 2153 376 2217 bella
390 2159 564 2235 gesserunt,
588 2153 658 2233 quia
676 2151 886 2214 mutandarum
903 2153 1022 2215 sedium
1038 2156 1255 2216 communione

199 2273 262 2316 uon
283 2255 392 2331 libera,
414 2254 661 2335 persistendum
684 2252 809 2316 sedibus
831 2254 906 2330 suis,
929 2261 982 2316 aut
1003 2253 1171 2318 infeliciter
1193 2274 1253 2318 ne-

199 2356 260 2418 cati
287 2361 375 2434 suut,
404 2363 457 2416 aut
479 2355 608 2435 turpiter
629 2356 819 2429 servierunt;
844 2354 927 2434 quod
949 2355 1060 2416 clarius
1083 2357 1253 2436 promtius-

200 2475 262 2537 que
284 2457 358 2537 ipsis
381 2463 519 2519 veterum
542 2456 639 2538 gestis
661 2474 717 2536 per
739 2456 876 2574 ordinem
905 2454 1056 2534 explicitis
1088 2456 1253 2537 aperietur

468 2740 749 2881 bapul
802 2738 890 2847 lll.

335 2979 392 3046 De
413 2976 497 3042 bello
518 2975 669 3045 Achaico
692 2983 727 3046 et
712 2958 903 3091 tOorinthi
926 2983 1111 3048 coercione

202 3200 215 3206 ff
281 3169 374 3232 Anno
406 3169 444 3230 ab
479 3167 561 3230 Urbe
591 3169 715 3232 condita
747 3172 1080 3249 sexcentesimosexto,
1113 3171 1173 3234 hoc
1206 3179 1253 3235 est

197 3273 306 3336 ecdem
332 3286 429 3347 anuo,
458 3287 520 3349 quo
547 3277 579 3332 et
591 3270 757 3350 Carthago
788 3270 890 3332 deleta
924 3277 987 3349 est,
1021 3271 1073 3334 Cn.
1108 3271 1252 3336 Cornelio

194 3370 326 3434 Lentulo
347 3369 379 3431 h
401 3369 546 3433 Mummio
569 3370 652 3434 Coss.
675 3370 795 3432 ruinam
818 3369 1010 3454 Carthaginis
1039 3373 1162 3436 eversio
1186 3373 1250 3436 Go-

194 3471 290 3534 rinthi
315 3468 480 3532 subsecuta
507 3479 570 3549 est,
603 3473 795 3551 duarumque
822 3473 1100 3552 potentissimarum
1129 3473 1252 3536 urbium

194 3590 291 3654 parvo
312 3569 406 3632 unius
427 3573 573 3652 temporis
595 3572 757 3635 intervallo
779 3591 835 3653 per
856 3573 994 3636 diversas
1016 3572 1122 3636 mundi
1149 3579 1252 3654 partes

194 3671 370 3735 miserabile
392 3671 520 3734 colluxit
542 3673 728 3735 incendium.
773 3671 848 3734 Nam
871 3691 941 3736 cum
963 3672 1105 3737 Metellus
1128 3681 1252 3754 praetor

193 3773 336 3835 Achaeos
369 3771 565 3852 Boeotosque
597 3774 777 3854 coujunctos
810 3771 930 3837 duobus
963 3773 1070 3852 bellis,
1109 3773 1170 3836 hoc
1203 3779 1251 3836 est

195 3865 282 3950 [aab]
303 3871 402 3949 primo
424 3871 503 3949 apud
525 3870 759 3950 Thermopylas,
786 3871 898 3934 iterum
926 3874 958 3934 in
981 3872 1127 3936 Phocaeis
1155 3873 1249 3938 devi-

195 3968 302 4031 cisset.
341 3985 472 4047 querum
508 3969 611 4047 priore
646 3968 728 4033 bello
762 3971 863 4036 occisa
897 3989 966 4038 esse
999 3973 1110 4055 viginti
1142 3975 1249 4054 millia,
