2634 4434
472 317 678 429 ger-

54 562 193 631 matrem,
226 553 367 631 fratrem,
400 569 554 632 sororem,
587 544 732 630 uxorem,
766 559 967 631 caeterosque
996 569 1102 616 omnes

53 662 200 736 cognatos
222 661 254 716 et
275 654 463 734 pmpinquos
484 655 553 716 sine
575 655 777 715 haesitatione
802 654 971 732 prostravit.
1008 651 1104 716 Auxit

52 755 132 816 hane
153 755 264 818 molem
286 753 457 816 facinorum
480 758 547 837 ejus
569 756 727 818 temeritas
755 753 920 832 impietatis
943 755 973 814 in
997 753 1103 814 Deum.

52 855 126 917 Nam
156 857 271 934 primus
299 854 413 916 Rourae
443 855 631 918 Christianos
657 855 815 935 suppliciis
843 861 875 915 et
902 871 989 915 mor·
1014 850 1103 926 [lid]

53 955 134 1017 tibus
160 954 289 1032 adiecit,
316 972 434 1036 ac'per
459 974 566 1020 omnes
594 958 768 1036 provincias
795 957 860 1034 pari
888 955 1105 1034 persecutione

53 1057 224 1120 excruciari
252 1057 426 1136 imperavit:
455 1058 618 1136 ipsumque
640 1073 753 1116 nomen
782 1057 951 1134 exstirpare
978 1062 1105 1119 conatus

51 1156 247 1218 beatissimos
266 1157 377 1218 Christi
401 1157 564 1234 Apostolos
586 1156 706 1216 Petrum
731 1173 833 1231 cruce,
856 1156 980 1216 Paulum
1004 1155 1106 1235 gladio

53 1257 174 1319 oceidit.
211 1255 283 1316 Mox
304 1257 469 1317 acervatim
493 1257 632 1341 miseram
656 1257 810 1317 civitatem
827 1255 953 1339 obortae
969 1255 1106 1334 undique

52 1364 237 1436 oppressere
260 1353 371 1416 clades.
413 1353 487 1417 Nam
509 1358 720 1436 subsequente
747 1363 894 1417 autumno
923 1363 1004 1417 tanta
1033 1354 1107 1416 Urbi

50 1454 231 1534 pestilentia
246 1453 397 1531 incubuit,
418 1464 453 1518 ut
474 1458 599 1536 triginta
622 1458 714 1518 millia
737 1457 878 1518 lunerum
903 1458 934 1517 in
956 1457 1105 1517 rationem

50 1546 209 1616 Libitinae
240 1556 392 1617 venirent.
436 1557 609 1618 Britannica
642 1557 754 1618 deinde
787 1557 890 1618 clades
923 1577 940 1617 e
975 1557 1106 1635 vestigio

52 1653 182 1730 accidit,
206 1671 266 1733 qua
293 1655 355 1716 duo
380 1658 543 1736 praecipua
570 1655 678 1736 oppida
712 1674 820 1737 magna
855 1656 967 1717 civium
1001 1657 1107 1716 socio-

53 1772 186 1834 rumque
209 1753 296 1816 clade
318 1762 351 1817 et
371 1757 466 1818 caede
489 1756 606 1836 direpta
628 1764 707 1820 sunt.
751 1758 911 1818 Praeterea
934 1757 964 1816 in
982 1755 1109 1817 Oriente

54 1852 356 1935 magnisdrmeniae
378 1857 544 1936 provinciis
567 1859 697 1935 amissis,
712 1857 866 1919 Romanae
889 1857 1028 1938 legiones
1051 1855 1108 1916 sub

51 1957 163 2035 jugum
184 1955 354 2016 Parthicum
377 1957 503 2034 missae,
531 1976 688 2039 aegreque
712 1959 798 2039 Syria
828 1965 947 2020 retenta
976 1965 1029 2020 est.
1075 1957 1109 2018 ln

54 2056 131 2116 Asia
152 2061 215 2117 tres
238 2054 344 2132 Urbes
367 2055 426 2118 hoc
449 2065 510 2120 cst:
534 2059 695 2137 Laodicea,
719 2060 889 2139 Hierapolis
912 2067 943 2121 et
966 2059 1109 2120 Colossae

55 2162 244 2216 terraemotu
267 2158 475 2218 conciderunt.
520 2159 561 2219 At
582 2175 658 2219 vero
680 2159 779 2234 Nero,
802 2167 961 2236 postquam
985 2158 1110 2216 Galbam

55 2255 89 2314 in
119 2253 262 2334 Hispania
294 2257 509 2335 imperatorem
542 2264 677 2318 creatum
712 2259 749 2318 ah
783 2259 922 2317 exercitu
956 2257 1110 2336 cognovit,

56 2362 141 2416 totus
163 2357 265 2417 animo
286 2374 323 2416 ao
345 2373 399 2434 spe
421 2358 563 2417 concidit.
607 2357 746 2434 Cumque
769 2357 959 2416 incredibilia
983 2363 1110 2434 pertur-

55 2456 194 2532 bandae,
224 2457 316 2516 immo
343 2455 539 2516 subruendae
565 2455 798 2532 reipubublicae
832 2455 909 2514 mala
935 2455 1111 2528 moliretur,

55 2557 156 2618 hostis
174 2574 191 2616 a
206 2561 317 2616 senatu
337 2555 549 2632 pronuntiatus
569 2560 600 2615 et
619 2555 909 2634 ignominiosissime
924 2553 1052 2635 ¹fugiens
1076 2553 1113 2613 ad

57 2663 203 2737 quartum
231 2655 268 2715 ab
297 2655 379 2716 Urbe
406 2653 535 2734 lapidem
566 2671 635 2716 sese
666 2655 731 2734 ipse
759 2654 931 2734 interiecit,
959 2663 1051 2736 atque
1081 2655 1113 2715 in

58 2775 97 2819 eo
122 2755 222 2818 omnis
245 2754 408 2839 Caesarum
429 2753 543 2817 familia
565 2762 723 2818 consumta
747 2762 802 2818 est.

402 3007 600 3145 Caput
649 3005 782 3114 llll.
1025 2988 1114 3120 am
1173 3095 1177 3103 .

62 3213 119 3278 De
141 3210 283 3299 Galbae,
311 3211 455 3280 Othonia
476 3215 513 3398 'qi
539 3209 660 3378 Vitelqii
681 3185 833 3294 imperio,
856 3214 889 3276 ct
909 3211 1061 3278 mortham
1084 3219 1120 3281 et

491 3332 623 3380 annom
645 3332 697 3378 aa.

150 3470 241 3530 Anno
267 3469 306 3529 ab
333 3467 413 3529 Urbe
441 3467 562 3529 condita
590 3465 796 3529 DCCCXXlV.
841 3464 934 3530 Galba
956 3469 1036 3549 apud
1058 3471 1117 3530 Hi-

67 3570 188 3650 spanias
208 3571 367 3648 usurpavit
389 3567 566 3646 imperium,
594 3569 647 3648 qui
675 3564 746 3630 mox
773 3574 807 3628 nt
834 3567 964 3630 Neronis
991 3577 1118 3627 mortem
1154 3612 1158 3619 .

69 3672 232 3748 conrperit,
254 3669 378 3731 Romam
402 3670 497 3735 venit.
535 3669 673 3749 Cumque
695 3687 801 3731 omnes
824 3669 967 3744 avaritia,
991 3669 1119 3728 saevitia

69 3771 262 3851 segnitiaque
285 3770 471 3847 offenderet,
496 3771 637 3833 Pisonem
660 3771 734 3848 sibi,
758 3769 892 3830 nobilem
915 3767 1118 3827 industrium-

69 3889 131 3950 que
158 3870 402 3947 adolescentem,
435 3872 466 3931 in
495 3856 591 3933 lilium
618 3879 711 3950 atque
739 3871 771 3930 in
797 3858 926 3948 regnum
956 3867 1119 3946 adoptavit,

70 3989 139 4031 cum
162 3989 224 4050 quo
247 3973 375 4048 septimo
398 3987 504 4032 mense
529 3971 650 4049 imperii
677 3970 725 4030 sui
752 3968 789 4028 ab
818 3965 938 4028 Othone
963 3967 1131 4048 jugulatus
