2634 4434
623 319 833 432 Q

206 573 384 641 magnarum
406 557 529 635 virium,
552 573 681 640 magnae
702 557 832 639 gloriae,
855 555 908 619 diu
937 553 1170 636 potentissimis,
1199 556 1260 620 ali-

206 659 330 740 quando
352 658 459 738 captia,
482 655 637 721 serviliter
658 659 818 734 catenatis,
847 655 1033 738 subjugum
1055 657 1168 735 missis,
1191 665 1260 720 ante

205 775 331 822 currum
352 761 445 836 actis,
476 759 509 820 in
537 775 663 820 carcere
692 741 869 820 trucidatis:
899 771 1029 838 quorum
1053 762 1112 818 tam
1135 758 1259 820 stultum

205 867 254 922 est
275 861 442 940 exquirere
462 859 646 941 sententiam
666 875 756 940 qnam
773 859 882 921 durum
898 875 960 919 non
976 856 1083 920 dolere
1097 857 1260 920 miseriam.

204 959 284 1038 Nos,
312 976 370 1021 nos
397 959 522 1040 inquam
549 960 632 1039 ipsos
657 961 803 1040 vitaeque
830 965 953 1020 nostrae
981 957 1183 1036 electionem,
1213 955 1261 1020 cui

205 1059 437 1141 adquievimus,
460 1060 667 1123 consulamus.
710 1058 841 1142 blojores
864 1059 961 1121 nostri
982 1059 1064 1121 bella
1086 1065 1259 1141 gesserunt,

205 1161 295 1224 bellis
311 1159 439 1243 fatigati,
457 1179 562 1241 paoem
578 1167 721 1242 petentes
743 1160 856 1222 tributa
878 1159 1064 1222 obtulerunt.
1101 1159 1261 1222 Tributum

205 1263 336 1344 pretium
352 1264 435 1342 pacis
451 1270 505 1326 est.
538 1261 600 1323 Nos
621 1260 734 1322 tributa
758 1260 969 1341 dependimus
992 1278 1032 1322 ne
1055 1259 1135 1323 bella
1159 1264 1260 1342 patia-

206 1379 289 1424 rnar:
319 1381 356 1428 ac
377 1380 433 1442 per
447 1358 513 1424 'lvoc
539 1363 571 1423 in
592 1368 693 1441 portu,
716 1361 867 1441 adquam
892 1361 936 1423 illi
959 1359 1081 1424 tandem
1102 1380 1160 1443 pro
1183 1382 1259 1425 eva-

205 1462 314 1524 dendis
335 1463 482 1524 malorum
498 1461 730 1543 tempestatibus
746 1459 964 1544 confugerunt,
987 1479 1043 1524 nos
1066 1464 1260 1528 consistimus

111 1599 115 1604 =
206 1569 240 1624 et
259 1579 426 1626 manemus.
467 1563 564 1645 Igitur
585 1570 689 1624 nostra
711 1569 848 1642 tempora
869 1563 1038 1626 viderimus
1059 1570 1162 1626 utrum
1185 1563 1259 1626 ieli-

206 1660 274 1727 ciai
303 1671 388 1726 certe
415 1663 553 1727 feliciora
582 1664 643 1727 illis
669 1664 824 1741 ducimus,
853 1665 940 1744 quia,
970 1665 1052 1744 quod
1081 1665 1126 1727 illi
1154 1663 1260 1730 ultimo

205 1765 405 1846 delegerunt,
438 1783 495 1828 nos
526 1767 675 1827 continue
708 1765 906 1844 possidemus.
961 1764 1145 1846 lnqnietudo
1180 1767 1260 1827 enim

205 1865 372 1942 bellorum,
401 1883 461 1944 qua
490 1866 534 1927 illi
560 1866 663 1926 adtriti
686 1872 774 1942 sunt,
797 1865 886 1926 nobis
908 1866 1013 1946 ignota
1042 1872 1096 1930 est.
1139 1865 1175 1928 ln
1198 1869 1262 1931 otio

204 1972 325 2041 autem,
359 1965 443 2044 quod
474 1965 518 2026 illi
551 1973 619 2044 post
651 1965 812 2044 imperium
842 1965 980 2028 Caesaris
1007 1968 1261 2048 nativitatemque

206 2064 318 2126 Christi
339 2067 475 2126 tenuiter
495 2073 714 2146 gustaverunt,
743 2081 801 2127 nos
821 2067 976 2128 nascimur
998 2074 1030 2130 et
1051 2069 1258 2130 senescimus:
1315 2080 1316 2109 t

205 2165 288 2245 quod
316 2165 378 2228 illis
405 2172 471 2228 erat
498 2165 600 2228 debita
629 2161 738 2246 pensio
762 2167 937 2246 servitutis,
972 2168 1062 2230 nobis
1090 2176 1137 2231 est
1164 2167 1261 2231 libera

204 2265 327 2328 collatio
364 2265 569 2330 defensionis:
606 2275 787 2348 tantumque
821 2269 949 2331 interest
982 2269 1063 2330 inter
1096 2271 1260 2350 praeterita

203 2367 440 2448 praesentiaque
463 2375 615 2448 tempora,
644 2375 693 2445 ut,
724 2369 807 2448 quod
835 2368 981 2430 Romaiu
1005 2385 1093 2430 usum
1119 2371 1260 2432 luxuriae

205 2463 291 2549 [t8t]
313 2485 390 2530 suae
410 2467 495 2530 ferro
516 2469 721 2555 extorquebat
743 2488 760 2532 a
777 2470 899 2548 nostris,
915 2487 997 2532 nuno
1016 2470 1048 2532 in
1063 2486 1153 2532 usum
1170 2489 1259 2533 cont·

204 2570 305 2630 munis
327 2569 518 2648 reipublicae
540 2569 680 2632 conserat
702 2571 766 2650 ipsa
789 2570 959 2633 nobiscum.
1004 2571 1066 2632 Aut
1087 2571 1114 2633 si
1136 2571 1177 2633 ab
1198 2572 1259 2635 ali-

204 2685 266 2749 quo
288 2668 410 2745 dicitur,
428 2669 653 2733 tolerabiliores
668 2670 846 2750 parentibus
861 2673 974 2733 nostris
989 2670 1140 2734 Romanos
1155 2672 1258 2736 hostes

197 2765 311 2847 inisse,
334 2787 425 2850 quam
440 2769 530 2832 nobis
545 2767 660 2832 Gotbcs
676 2785 760 2832 esse:
785 2771 889 2833 audiat
911 2777 942 2833 et
960 2760 1121 2853 intelligat,
1144 2781 1259 2852 quanto

202 2870 303 2948 aliter,
318 2887 412 2949 quum
428 2871 510 2932 circa
525 2871 660 2949 seipsum
676 2871 786 2950 agitur,
809 2870 868 2932 sibi
891 2887 960 2934 esse
983 2871 1132 2934 videatur.
1179 2873 1260 2936 Olim

203 2988 272 3032 eum
303 2969 384 3030 bella
411 2975 477 3030 toto
506 2967 583 3028 orbe
616 2964 795 3049 fervebant,
828 2985 971 3052 quaeque
1003 2973 1162 3053 provincia
1194 2977 1260 3038 suis

201 3070 344 3155 regibus,
371 3069 437 3134 suls
464 3067 586 3151 legibus
614 3070 743 3150 suisque
770 3071 907 3135 moribus
928 3069 1086 3134 utebatur:
1112 3092 1171 3137 nec
1193 3084 1261 3138 erat

202 3174 335 3240 societas
362 3166 587 3250 adfectionum,
614 3171 669 3236 ubi
691 3170 859 3238 dissidebat
881 3173 1043 3237 diversitas
1065 3182 1257 3254 potestatum.

202 3276 360 3339 Postremo
379 3274 495 3338 solutas
517 3280 549 3337 et
569 3273 714 3337 barbaras
736 3282 847 3356 gentes
870 3274 943 3354 quid
959 3274 1080 3340 tandem
1096 3275 1135 3338 ad
1149 3280 1257 3340 socie-

202 3382 296 3436 tatem
323 3375 506 3462 adduceret,
534 3392 612 3456 quas
640 3377 773 3440 diversis
793 3393 948 3440 sacrorum
970 3375 1081 3438 ritibus
1103 3376 1258 3442 institutas

202 3476 294 3538 etiarn
321 3475 432 3556 religio
462 3473 643 3555 separabat‘l
687 3477 720 3540 Si
753 3479 823 3558 quis
856 3478 950 3559 igitur
982 3483 1056 3539 tunc
1089 3478 1258 3541 acerbitate

202 3575 351 3638 malorum
373 3576 473 3637 victus
494 3578 620 3657 patriam
644 3594 714 3640 cum
737 3577 826 3641 hoste
847 3577 994 3656 descruit,
1018 3593 1110 3658 quem
1134 3579 1258 3641 tandem

201 3679 340 3758 ignotum
367 3675 469 3737 locum
496 3677 621 3758 ignotus
648 3677 745 3740 adiit?
791 3678 887 3752 Quam
916 3685 1041 3758 gentem
1068 3678 1259 3759 generaliter

185 3761 319 3840 'nostem
353 3775 450 3840 bostis
480 3778 601 3847 oravit?
644 3777 701 3840 Oui
730 3793 764 3838 se
793 3793 962 3858 congressu
989 3779 1087 3858 primo
1114 3778 1256 3857 credidit,

202 3889 266 3934 noa
290 3877 440 3938 societate
471 3878 605 3939 nominis
637 3877 801 3954 invitatus,
834 3893 896 3940 non
930 3880 1147 3942 communione
1176 3881 1258 3961 juris

202 3970 362 4055 adductus,
376 3991 439 4038 non
452 3975 613 4057 religionis
627 3975 745 4040 unitate
760 3978 909 4041 securus?
935 3977 984 4042 An
999 3997 1108 4061 aarum
1122 3980 1257 4062 exempli
