2634 4434
707 334 756 402 74

626 433 835 444 ...q—nna.—

580 568 767 726 ttaput
821 583 880 693 ll.

205 807 262 874 De
279 807 629 874 Lacedaemoniorum
651 803 838 890 offensione
860 806 896 872 in
919 804 1087 887 Arcadia,
1116 805 1259 868 uictoria

250 907 510 996 Trebanorum,
537 906 803 991 Epaminondae
825 911 949 991 risorie,
971 926 1048 972 cnm
1070 903 1220 990 Epilopo

641 1009 821 1073 dictorum.

292 1180 417 1242 Cunctis
453 1180 548 1258 igitur
584 1177 709 1242 Graecis
746 1179 931 1259 optatissima
970 1177 1075 1258 quieta
1114 1177 1259 1238 resolutis

206 1282 438 1360 domesticoque
453 1281 517 1341 otio
532 1281 734 1362 torpentibus,
749 1280 995 1359 Lacedaemonii,
1016 1279 1147 1358 inquieti
1164 1279 1260 1359 magis

207 1400 298 1462 quam
320 1383 450 1458 strenui,
473 1389 504 1443 et
526 1381 630 1443 lurore
653 1382 766 1460 potius,
790 1399 879 1460 quam
903 1382 1016 1441 virtute
1039 1378 1260 1454 intolerabiles,

205 1489 275 1562 post
300 1482 380 1543 balla
407 1482 545 1562 deposita
567 1489 687 1544 tentant
708 1481 787 1544 lurta
811 1481 969 1543 bellorum.
1013 1479 1087 1540 Nam
1111 1479 1261 1558 speculati

207 1579 293 1664 [153]
309 1581 477 1643 absentiam
493 1582 662 1661 Arcadum,
679 1584 836 1645 castellum
860 1599 965 1644 eorum
987 1581 1147 1660 repentina
1174 1581 1260 1640 irru-
1312 1589 1313 1632 t

207 1685 311 1761 ptione
332 1681 533 1763 perfringunt.
569 1684 706 1746 Arcados
721 1702 808 1770 vero,
830 1685 924 1746 exciti
939 1683 1060 1763 injuria,
1076 1681 1187 1759 juncto
1204 1679 1261 1742 sibi
1312 1719 1313 1770 ,

206 1781 418 1845 Thebanorum
450 1784 567 1845 auxilio
599 1787 709 1845 amissa
737 1783 819 1845 furto
847 1783 928 1844 bello
955 1787 1105 1859 repetunt.
1152 1779 1187 1841 ln
1224 1797 1261 1841 eo

206 1884 321 1960 praelio
355 1883 572 1959 Archidamus,
610 1883 673 1943 dux
706 1883 1033 1957 Lacedaemoniorum,
1068 1880 1260 1957 vulneratus,

206 2000 276 2042 cum
293 1983 356 2062 jam
379 1983 467 2043 caedi
489 1999 562 2042 suos
584 1989 619 2042 ut
642 1983 742 2043 victos
768 1982 904 2059 videret,
932 1982 1103 2043 occisorum
1133 1999 1260 2061 corpora

208 2099 262 2160 per
283 2099 467 2160 praeconem
489 2083 527 2143 ad
549 2081 737 2163 sepulturam
760 2086 872 2161 pascit:
904 2082 987 2163 quad
1009 2083 1130 2162 signum
1154 2083 1260 2144 victo-

206 2183 272 2243 riae
301 2183 430 2244 traditae
457 2183 539 2244 inter
565 2180 700 2245 Graecos
728 2181 835 2244 baberi
862 2183 949 2246 solet.
993 2182 1129 2244 'lbebani
1157 2191 1260 2245 autem

206 2283 264 2344 bac
285 2281 482 2345 confessione
510 2284 664 2361 contenti,
694 2284 764 2346 dato
786 2284 933 2364 parcendi
955 2285 1060 2365 signa,
1083 2283 1174 2345 linem
1199 2285 1259 2345 do-

206 2382 281 2444 dere
302 2385 470 2447 certamini.
507 2385 614 2447 Paucis
636 2386 749 2448 deinde
773 2384 1051 2448 intervenientibus
1067 2383 1259 2445 induciarum

206 2482 332 2560 diebus,
364 2484 616 2547 Lacedaemoniis
648 2487 687 2548 ad
720 2486 778 2548 alia
806 2487 887 2548 bella
916 2485 1088 2562 conversis,
1122 2485 1259 2546 Thebani
1310 2561 1311 2576 χ

206 2592 276 2646 cum
297 2585 506 2664 Epaminonda
528 2586 619 2663 duca,
642 2587 682 2648 de
704 2587 876 2648 invadenda
897 2586 1149 2663 Lacedaemonia,
1172 2588 1259 2666 quasi
1310 2577 1311 2580 ’

207 2702 316 2746 secura
348 2692 380 2746 et
411 2686 570 2764 destituta,
604 2705 717 2765 cepere
750 2687 899 2748 fiduciam.
945 2688 1040 2749 Taciti
1079 2689 1259 2765 intempesta

208 2793 299 2846 noete
332 2785 592 2847 Lacedaemonem
626 2790 769 2848 veniunt:
804 2787 859 2849 sed
888 2806 948 2848 nan
970 2789 1011 2848 ita
1035 2788 1187 2848 incautam
1210 2786 1260 2848 vel

208 2883 298 2959 [154]
322 2884 523 2962 indefensam,
547 2888 627 2947 sicut
647 2888 804 2963 rebantur,
828 2889 994 2950 attendunt.
1038 2883 1155 2948 Armati
1178 2888 1259 2948 eninr

209 3003 301 3048 sones
324 3003 395 3046 cum
416 2985 648 3064 reliqua-turba
672 2989 802 3050 imbellis
825 2991 948 3066 aetatis,
977 2989 1175 3069 praecognito
1200 2989 1259 3049 ad·-
1308 3063 1309 3080 ἵ

208 3094 304 3148 ventu
326 3085 474 3163 bostium,
503 3088 534 3147 in
563 3089 635 3167 ipsis
664 3107 698 3151 se
721 3097 873 3170 portarum
897 3091 1046 3170 angustiis
1068 3088 1259 3170 objecerunt,

208 3195 241 3249 ct
261 3187 409 3249 adversus
432 3189 606 3266 quindecim
630 3190 723 3252 millia
747 3193 875 3252 rnilitum
899 3192 1097 3251 vincentum
1125 3188 1259 3250 conlecti

133 3321 137 3326 ·
208 3306 286 3350 aevo
308 3276 448 3349 homines
468 3300 681 3371 proruperunt.
719 3291 772 3353 llis
795 3294 899 3370 itaque
922 3297 1034 3352 tantam
1058 3289 1167 3351 molem
1189 3290 1261 3351 belli

208 3388 446 3466 sustinentibus,
465 3386 468 3390 ’
479 3391 627 3471 juventus
664 3382 886 3473 superveniens
925 3391 1072 3474 congredi
1112 3391 1259 3452 adversus
1307 3423 1308 3461 i

208 3490 368 3551 'lbebanos
395 3498 501 3570 aperto
528 3495 695 3555 certamine
724 3495 939 3556 incunctanter
968 3493 1113 3554 decrevit.
1164 3490 1261 3552 Com-

208 3591 301 3652 missa
337 3591 469 3670 praelio,
507 3612 575 3654 curn
607 3592 842 3655 Lacedaemonii
879 3595 1095 3671 vincerentur,
1132 3600 1261 3672 repento
1306 3619 1307 3672 3

208 3690 447 3772 Epaminondas,
480 3694 543 3754 dux
575 3693 804 3771 Thebanorum,
833 3695 986 3756 incautius
1009 3695 1157 3756 dimicans
1186 3693 1261 3753 vul·
1306 3681 1307 3715 ³

208 3799 342 3855 neratnr.
386 3793 488 3864 Quare
511 3792 583 3853 dum
605 3791 652 3854 bis
675 3812 715 3856 ex
737 3795 843 3856 dolore
865 3802 980 3872 matus,
1003 3795 1063 3856 illis
1087 3811 1127 3856 ex
1149 3793 1261 3874 gaudio

207 3899 313 3971 stupor
335 3893 486 3968 nascitur,
509 3892 607 3954 veluti
635 3911 676 3954 ex
705 3909 858 3957 consensu
886 3897 978 3958 tacito
1006 3897 1163 3974 utrimque
1193 3894 1260 3956 dis·
1305 3927 1306 3967 r

209 4009 329 4054 cessum
357 3996 413 4052 est.
455 3989 680 4072 Epaminondas
707 4001 824 4078 autem,
854 3997 990 4078 graviter
1018 3996 1159 4072 saucius,
1193 4013 1260 4056 curn
