2634 4434
698 309 773 378 270

630 408 839 420 -—.......—-—-

209 550 333 631 cognita
354 544 486 607 licronis
509 523 626 622 manto,
649 545 770 608 bbrutu
793 545 992 624 plurimorum
1015 547 1124 626 reg'um
1148 553 1181 608 et
1199 546 1265 608 du-

209 670 294 726 cum,
317 648 449 710 maxime
470 645 595 725 losephi
616 645 802 708 ludaeorum
825 646 913 707 ducis
935 647 1106 722 sententia,
1130 649 1184 727 qui
1206 666 1264 708 ca-

208 759 294 834 ptus,
321 768 390 812 cum
420 748 451 808 in
480 745 602 807 vincula
631 747 851 827 conjiceretur,
875 747 1123 809 constantissime
1146 748 1266 809 dixerat

209 852 301 933 (sicut
324 849 490 913 Suetonius
511 845 619 927 resen)
642 849 789 910 continuo
811 867 846 910 se
869 849 906 910 ab
930 849 1056 925 codem,
1078 849 1135 909 sed
1157 847 1264 930 lmpe-
1309 847 1310 920 l

178 949 556 1029 'ratore,⁷solvendum,
589 946 753 1029 Imperium
782 950 910 1031 adeptus
937 955 999 1026 est,
1028 949 1201 1030 relictoque
1230 951 1264 1017 io

208 1055 316 1116 castris
348 1052 388 1114 ad
419 1049 665 1130 procurationem
693 1049 862 1113 obsidionis
890 1049 1172 1130 Hierosolymorum
1200 1049 1264 1112 tilio
1309 1041 1310 1122 l

208 1157 291 1231 Tito,
315 1139 370 1233 per
390 1150 609 1213 Alexandriam
631 1149 787 1230 proiectus
809 1157 856 1212 cst
877 1151 1010 1214 Romam.
1056 1150 1117 1212 Sed
1140 1153 1264 1232 cognita
1309 1141 1310 1236 l

209 1253 426 1320 interlectione
447 1251 574 1336 Vitellii,
598 1245 753 1331 paulisper
774 1252 981 1314 Alexandriae
1002 1251 1154 1313 substitit:
1177 1251 1263 1314 'litus
1309 1253 1310 1302 t

208 1373 285 1419 vero
309 1370 418 1435 magna
440 1371 484 1414 ac
499 1352 642 1414 diuturna
665 1352 826 1414 obsidione
848 1352 981 1414 ludaeos
1003 1369 1162 1432 premens,
1191 1371 1262 1414 ma-

208 1457 307 1518 chinis
328 1453 511 1532 cunctisque
532 1452 652 1515 bellicis
675 1452 806 1514 molibus
829 1471 891 1514 uon
916 1455 983 1516 sine
1013 1451 1109 1515 multo
1136 1469 1262 1514 suorum

208 1557 359 1638 sanguine
389 1553 510 1616 tandein
539 1570 642 1616 muros
670 1555 801 1616 civitatis
831 1555 946 1634 irrupit.
992 1553 1053 1618 Sed
1085 1554 1124 1615 ad
1157 1571 1261 1634 erpu-

174 1649 177 1654 ’
206 1657 358 1740 guandam
375 1655 552 1717 interiorem
569 1654 673 1734 templi
688 1655 900 1733 munitionem,
924 1673 1014 1736 quam
1035 1655 1156 1716 reclusa
1177 1655 1261 1716 mul-

208 1759 306 1821 titudo
321 1757 512 1819 sacerdotum
529 1773 564 1815 ac
577 1756 748 1834 principum
765 1757 918 1832 tuebatur,
943 1758 1056 1838 majore
1078 1757 1109 1817 vi
1132 1763 1164 1818 et
1180 1774 1261 1817 mora

103 1839 110 1857 ’
208 1877 284 1939 opus
307 1856 372 1919 luit.
418 1856 505 1929 Quod
534 1862 635 1916 tamen
665 1863 824 1936 postquam
846 1857 877 1917 in
901 1864 1079 1935 potestatem
1103 1858 1261 1918 redactum

208 1975 302 2038 opere
325 1965 418 2035 atque
445 1958 627 2034 antiquitate
655 1957 808 2035 suspexit,
842 1957 894 2018 diu
928 1956 1124 2034 deliberavit,
1160 1964 1261 2018 utrum

207 2067 349 2138 tauquam
373 2055 602 2115 incitamentum
626 2054 757 2115 hostium
782 2056 976 2134 incenderet,
1000 2076 1038 2118 an
1061 2060 1092 2119 in
1117 2061 1260 2120 testimo·

207 2161 292 2221 nium
315 2153 463 2218 lictoriae
485 2161 667 2216 reservaret.
703 2152 763 2218 Sed
779 2155 916 2219 Ecclesia
933 2155 990 2220 Dei
1001 2161 1063 2240 jam
1087 2177 1143 2239 per
1164 2165 1261 2220 totum

206 2259 311 2321 orbem
342 2253 496 2317 uberrime
523 2257 731 2336 germinante,
765 2255 839 2334 hoc,
873 2265 1016 2338 tanquam
1050 2259 1197 2321 ellectum
1228 2279 1262 2320 ac

206 2376 336 2421 vacuum
360 2352 500 2436 nolitque
521 2359 591 2445 usui
613 2355 695 2418 buno
714 2358 917 2436 commodam,
940 2357 1066 2421 arbitrio
1087 2359 1145 2422 Dei
1166 2360 1260 2422 aule-

207 2456 296 2534 [480]
331 2458 459 2519 rendum
494 2457 560 2521 luit.
604 2457 711 2540 ltaque
739 2459 824 2522 ‘litus
853 2459 1020 2541 imperator
1050 2460 1088 2523 ab
1120 2463 1260 2523 exercitu
1309 2525 1310 2530 γ

205 2560 433 2641 pronuntiatus,
462 2558 643 2638 templum
635 2579 667 2620 ru
689 2559 909 2643 Hierosolymis
931 2561 1069 2624 incendit
1090 2579 1126 2624 ac
1149 2563 1258 2624 diruit:

205 2659 327 2742 quoda
310 2657 401 2720 adie
429 2659 614 2721 conditionis
642 2662 757 2740 primae
785 2679 884 2740 usque
910 2661 947 2724 ad
976 2661 1056 2723 diem
1086 2663 1259 2723 eversionis
1309 2701 1310 2704 =

205 2761 331 2824 ultimae
365 2733 519 2822 manserat
546 2761 635 2822 annis
664 2761 746 2824 mille
773 2767 896 2823 centum
924 2769 955 2823 et
983 2761 1111 2826 duobus
1155 2761 1259 2824 Muros

204 2862 290 2924 urbis
312 2861 474 2923 universos
495 2859 562 2922 solo
584 2861 776 2942 adaequavit
820 2861 973 2924 Sescenta
1001 2862 1094 2924 millia
1117 2862 1257 2925 ludaeo-
1309 2901 1310 2966 t

203 2979 270 3021 rum
299 2943 340 3020 eo'
365 2958 447 3020 bello
474 2956 636 3020 interiecta
669 2960 830 3022 Cornelius
858 2969 889 3024 et
916 2963 1082 3027 Suetonius
1109 2963 1257 3027 referunt.

202 3058 353 3140 losepbus
370 3076 444 3120 vcro
459 3057 606 3136 iudaeus,
629 3063 683 3142 qui
705 3063 735 3125 ei
758 3061 831 3124 tun'e
853 3059 935 3124 bello
957 3061 1099 3143 praefuit,
1123 3070 1155 3126 et
1177 3066 1257 3144 apud
1309 3057 1310 3062 ’

201 3152 421 3244 Vespasianum
454 3167 578 3240 propter
610 3163 798 3241 praedictum
827 3161 990 3243 imperium
1024 3166 1145 3234 veniam
1178 3182 1256 3246 gra-

202 3264 337 3342 tiamque
364 3244 534 3338 meruerat,
561 3262 670 3325 scribit
695 3263 845 3325 undecies
871 3271 1001 3325 centena
1031 3264 1123 3326 millia
1152 3265 1256 3346 gladio

201 3369 233 3424 et
255 3361 334 3422 lame
364 3363 496 3442 perisse:
526 3363 674 3442 reliquias
701 3380 775 3425 vero
801 3363 988 3426 ludaeorum
1017 3366 1147 3428 diversis
1172 3374 1256 3428 actas

200 3460 429 3524 conditionibus
462 3471 526 3524 toto
559 3464 634 3525 orbe
668 3464 834 3544 dispersas:
873 3482 1001 3544 quarum
1036 3483 1183 3528 numerus
1217 3467 1256 3528 ad
1309 3457 1310 3514 Ϊ

199 3562 367 3643 nonaginta
390 3563 483 3625 millia
505 3562 661 3626 homiuum
685 3564 781 3626 luisse
803 3573 950 3630 narratur.
994 3566 1201 3646 Vespasianus
1226 3575 1257 3629 el

198 3662 283 3724 Titus
305 3662 522 3743 imperatores,
552 3664 744 3744 magnificum
773 3673 901 3746 agentes
923 3666 962 3728 de
984 3665 1110 3728 ludaeis
1138 3668 1254 3730 trium-

198 3761 306 3841 pbum,
334 3764 440 3825 urbem
470 3764 601 3846 ingressi
622 3770 701 3826 sunt
744 3764 906 3826 Pulchrum
935 3773 967 3828 et
993 3767 1133 3848 ignotum
1162 3775 1254 3831 antea

199 3863 318 3922 cunctis
341 3863 519 3925 mortalibus
542 3865 623 3922 inter
645 3869 800 3924 trecentos
821 3866 932 3946 viginti
953 3867 1134 3956 triumphos,
1159 3871 1215 3950 qui
1237 3888 1253 3930 a

198 3953 284 4042 [481]
307 3962 483 4023 conditione
499 3962 587 4022 Urbis
610 3979 739 4042 usque
732 3965 762 4026 in
787 3965 818 4026 id
840 3971 960 4045 tempus
981 3969 1042 4030 acti
1063 3975 1170 4047 eraut,
1193 3969 1253 4032 boc
