<?xml version="1.0" encoding="UTF-8"?>
<!DOCTYPE html PUBLIC "-//W3C//DTD XHTML 1.0 Transitional//EN"
    "http://www.w3.org/TR/xhtml1/DTD/xhtml1-transitional.dtd">
<html xmlns="http://www.w3.org/1999/xhtml" xml:lang="en" lang="en">
 <head>
  <title>
</title>
<meta http-equiv="Content-Type" content="text/html;charset=utf-8" />
  <meta name='ocr-system' content='tesseract 3.04.00' />
  <meta name='ocr-capabilities' content='ocr_page ocr_carea ocr_par ocr_line ocrx_word'/>
</head>
<body>
  <div class='ocr_page' id='page_1' title='image "./pauliorosiipres00havegoog_0023.png"; bbox 0 0 2634 4434; ppageno 0'>
   <div class='ocr_carea' id='block_1_1' title="bbox 620 394 830 406">
    <p class='ocr_par' dir='ltr' id='par_1_1' title="bbox 620 394 830 406">
     <span class='ocr_line' id='line_1_1' title="bbox 620 394 830 406; baseline -0.005 0"><span class='ocrx_word' id='word_1_1' title='bbox 620 394 830 406; x_wconf 61' lang='lat' dir='ltr'><strong>*nnn—nuncno-</strong></span> 
     </span>
    </p>
   </div>
   <div class='ocr_carea' id='block_1_2' title="bbox 200 524 1253 710">
    <p class='ocr_par' dir='ltr' id='par_1_2' title="bbox 200 524 1303 835">
     <span class='ocr_line' id='line_1_2' title="bbox 200 524 1253 612; baseline 0.002 -22"><span class='ocrx_word' id='word_1_2' title='bbox 200 529 321 610; x_wconf 81' lang='lat' dir='ltr'><strong>orienta</strong></span> <span class='ocrx_word' id='word_1_3' title='bbox 342 529 531 612; x_wconf 73' lang='lat' dir='ltr'><strong>Tyrrhenum</strong></span> <span class='ocrx_word' id='word_1_4' title='bbox 555 546 649 606; x_wconf 88' lang='lat' dir='ltr'><strong>mare,</strong></span> <span class='ocrx_word' id='word_1_5' title='bbox 673 536 706 594; x_wconf 87' lang='lat' dir='ltr'><strong>et</strong></span> <span class='ocrx_word' id='word_1_6' title='bbox 726 533 847 609; x_wconf 92' lang='lat' dir='ltr'><strong>portum</strong></span> <span class='ocrx_word' id='word_1_7' title='bbox 865 526 967 604; x_wconf 89' lang='lat' dir='ltr'><strong>Urbis,</strong></span> <span class='ocrx_word' id='word_1_8' title='bbox 991 524 1009 588; x_wconf 89' lang='lat' dir='ltr'><strong>a&#39;</strong></span> <span class='ocrx_word' id='word_1_9' title='bbox 1030 528 1160 592; x_wconf 85' lang='lat' dir='ltr'><strong>meridia</strong></span> <span class='ocrx_word' id='word_1_10' title='bbox 1176 530 1253 594; x_wconf 87' lang='lat' dir='ltr'><strong>Sar-</strong></span> 
     </span>
     <span class='ocr_line' id='line_1_3' title="bbox 200 625 1253 710; baseline 0 -18"><span class='ocrx_word' id='word_1_11' title='bbox 200 629 330 709; x_wconf 85' lang='lat' dir='ltr'><strong>diniam,</strong></span> <span class='ocrx_word' id='word_1_12' title='bbox 352 630 390 692; x_wconf 88' lang='lat' dir='ltr'><strong>ab</strong></span> <span class='ocrx_word' id='word_1_13' title='bbox 414 643 525 693; x_wconf 88' lang='lat' dir='ltr'><strong>occasu</strong></span> <span class='ocrx_word' id='word_1_14' title='bbox 547 625 829 694; x_wconf 76' lang='lat' dir='ltr'><strong>insulas&#39;Boleares</strong></span> <span class='ocrx_word' id='word_1_15' title='bbox 850 628 945 710; x_wconf 80' lang='lat' dir='ltr'><strong>longe</strong></span> <span class='ocrx_word' id='word_1_16' title='bbox 964 629 1095 708; x_wconf 86' lang='lat' dir='ltr'><strong>positas,</strong></span> <span class='ocrx_word' id='word_1_17' title='bbox 1118 632 1253 694; x_wconf 77' lang='lat' dir='ltr'><strong>acircio</strong></span> 
     </span>
    </p>
   </div>
   <div class='ocr_carea' id='block_1_3' title="bbox 177 728 1303 2213">
    <p class='ocr_par' dir='ltr' id='par_1_3' title="bbox 177 728 1303 2213">
     <span class='ocr_line' id='line_1_4' title="bbox 199 728 1253 812; baseline 0 -20"><span class='ocrx_word' id='word_1_18' title='bbox 199 737 231 792; x_wconf 89' lang='lat' dir='ltr'><strong>et</strong></span> <span class='ocrx_word' id='word_1_19' title='bbox 256 731 467 811; x_wconf 73' lang='lat' dir='ltr'><strong>septentrione</strong></span> <span class='ocrx_word' id='word_1_20' title='bbox 489 729 679 812; x_wconf 84' lang='lat' dir='ltr'><strong>Ligusticum</strong></span> <span class='ocrx_word' id='word_1_21' title='bbox 708 730 819 793; x_wconf 89' lang='lat' dir='ltr'><strong>sinum.</strong></span> <span class='ocrx_word' id='word_1_22' title='bbox 861 728 959 792; x_wconf 84' lang='lat' dir='ltr'><strong>Tenet</strong></span> <span class='ocrx_word' id='word_1_23' title='bbox 980 731 1114 792; x_wconf 83' lang='lat' dir='ltr'><strong>autern</strong></span> <span class='ocrx_word' id='word_1_24' title='bbox 1105 749 1138 792; x_wconf 88' lang='lat' dir='ltr'><strong>rn</strong></span> <span class='ocrx_word' id='word_1_25' title='bbox 1159 731 1253 812; x_wconf 87' lang='lat' dir='ltr'><strong>longo</strong></span> 
     </span>
     <span class='ocr_line' id='line_1_5' title="bbox 198 829 1303 953; baseline 0.003 -63"><span class='ocrx_word' id='word_1_26' title='bbox 198 830 293 892; x_wconf 88' lang='lat' dir='ltr'><strong>millia</strong></span> <span class='ocrx_word' id='word_1_27' title='bbox 315 848 457 910; x_wconf 79' lang='lat' dir='ltr'><strong>passuum</strong></span> <span class='ocrx_word' id='word_1_28' title='bbox 482 837 604 894; x_wconf 90' lang='lat' dir='ltr'><strong>centum</strong></span> <span class='ocrx_word' id='word_1_29' title='bbox 627 831 798 912; x_wconf 75' lang='lat' dir='ltr'><strong>sexaginta,</strong></span> <span class='ocrx_word' id='word_1_30' title='bbox 821 830 853 891; x_wconf 91' lang='lat' dir='ltr'><strong>in</strong></span> <span class='ocrx_word' id='word_1_31' title='bbox 875 829 937 893; x_wconf 87' lang='lat' dir='ltr'><strong>lato</strong></span> <span class='ocrx_word' id='word_1_32' title='bbox 953 829 1047 893; x_wconf 91' lang='lat' dir='ltr'><strong>millia</strong></span> <span class='ocrx_word' id='word_1_33' title='bbox 1061 831 1174 913; x_wconf 78' lang='lat' dir='ltr'><strong>viginti</strong></span> <span class='ocrx_word' id='word_1_34' title='bbox 1188 849 1253 893; x_wconf 81' lang='lat' dir='ltr'><strong>sex.</strong></span> <span class='ocrx_word' id='word_1_35' title='bbox 1302 842 1303 953; x_wconf 67' lang='lat' dir='ltr'><strong>q</strong></span> 
     </span>
     <span class='ocr_line' id='line_1_6' title="bbox 198 911 1303 1010; baseline 0.002 -18"><span class='ocrx_word' id='word_1_36' title='bbox 198 911 321 994; x_wconf 75' lang='lat' dir='ltr'><strong>Insulae</strong></span> <span class='ocrx_word' id='word_1_37' title='bbox 340 931 483 995; x_wconf 75' lang='lat' dir='ltr'><strong>Baleares</strong></span> <span class='ocrx_word' id='word_1_38' title='bbox 505 932 584 995; x_wconf 88' lang='lat' dir='ltr'><strong>duae</strong></span> <span class='ocrx_word' id='word_1_39' title='bbox 604 938 688 1008; x_wconf 87' lang='lat' dir='ltr'><strong>sunt,</strong></span> <span class='ocrx_word' id='word_1_40' title='bbox 711 930 806 1010; x_wconf 92' lang='lat' dir='ltr'><strong>major</strong></span> <span class='ocrx_word' id='word_1_41' title='bbox 826 936 859 992; x_wconf 92' lang='lat' dir='ltr'><strong>et</strong></span> <span class='ocrx_word' id='word_1_42' title='bbox 880 931 990 1008; x_wconf 91' lang='lat' dir='ltr'><strong>minor,</strong></span> <span class='ocrx_word' id='word_1_43' title='bbox 1014 930 1126 1010; x_wconf 88' lang='lat' dir='ltr'><strong>quibus</strong></span> <span class='ocrx_word' id='word_1_44' title='bbox 1148 933 1303 994; x_wconf 92' lang='lat' dir='ltr'><strong>insunt</strong></span> 
     </span>
     <span class='ocr_line' id='line_1_7' title="bbox 198 1030 1254 1129; baseline -0.002 -35"><span class='ocrx_word' id='word_1_45' title='bbox 198 1031 270 1094; x_wconf 90' lang='lat' dir='ltr'><strong>bina</strong></span> <span class='ocrx_word' id='word_1_46' title='bbox 293 1032 417 1112; x_wconf 90' lang='lat' dir='ltr'><strong>oppida:</strong></span> <span class='ocrx_word' id='word_1_47' title='bbox 442 1033 539 1113; x_wconf 87' lang='lat' dir='ltr'><strong>major</strong></span> <span class='ocrx_word' id='word_1_48' title='bbox 560 1033 762 1095; x_wconf 80' lang='lat' dir='ltr'><strong>Tarraconem</strong></span> <span class='ocrx_word' id='word_1_49' title='bbox 778 1030 943 1110; x_wconf 85' lang='lat' dir='ltr'><strong>Hispaniae</strong></span> <span class='ocrx_word' id='word_1_50' title='bbox 965 1031 1131 1129; x_wconf 85' lang='lat' dir='ltr'><strong>civitatem,</strong></span> <span class='ocrx_word' id='word_1_51' title='bbox 1154 1033 1254 1094; x_wconf 91' lang='lat' dir='ltr'><strong>minor</strong></span> 
     </span>
     <span class='ocr_line' id='line_1_8' title="bbox 196 1124 1252 1214; baseline -0.001 -21"><span class='ocrx_word' id='word_1_52' title='bbox 196 1129 424 1196; x_wconf 87' lang='lat' dir='ltr'><strong>Barcinonem</strong></span> <span class='ocrx_word' id='word_1_53' title='bbox 414 1151 452 1212; x_wconf 67' lang='lat' dir='ltr'><strong>in¹</strong></span> <span class='ocrx_word' id='word_1_54' title='bbox 462 1134 703 1214; x_wconf 72' lang='lat' dir='ltr'><strong>septentrionem</strong></span> <span class='ocrx_word' id='word_1_55' title='bbox 718 1149 828 1195; x_wconf 76' lang='lat' dir='ltr'><strong>sersus</strong></span> <span class='ocrx_word' id='word_1_56' title='bbox 842 1139 948 1194; x_wconf 89' lang='lat' dir='ltr'><strong>contra</strong></span> <span class='ocrx_word' id='word_1_57' title='bbox 962 1124 998 1194; x_wconf 86' lang='lat' dir='ltr'><strong>se</strong></span> <span class='ocrx_word' id='word_1_58' title='bbox 1013 1131 1113 1195; x_wconf 84' lang='lat' dir='ltr'><strong>babet.</strong></span> <span class='ocrx_word' id='word_1_59' title='bbox 1145 1130 1252 1214; x_wconf 82' lang='lat' dir='ltr'><strong>llajori</strong></span> 
     </span>
     <span class='ocr_line' id='line_1_9' title="bbox 197 1230 1253 1313; baseline -0.001 -20"><span class='ocrx_word' id='word_1_60' title='bbox 197 1230 337 1313; x_wconf 83' lang='lat' dir='ltr'><strong>sulrjaoet</strong></span> <span class='ocrx_word' id='word_1_61' title='bbox 359 1232 458 1296; x_wconf 87' lang='lat' dir='ltr'><strong>insula</strong></span> <span class='ocrx_word' id='word_1_62' title='bbox 480 1233 610 1296; x_wconf 84' lang='lat' dir='ltr'><strong>Ebusus.</strong></span> <span class='ocrx_word' id='word_1_63' title='bbox 654 1233 774 1296; x_wconf 85' lang='lat' dir='ltr'><strong>Deinde</strong></span> <span class='ocrx_word' id='word_1_64' title='bbox 797 1231 835 1296; x_wconf 91' lang='lat' dir='ltr'><strong>ab</strong></span> <span class='ocrx_word' id='word_1_65' title='bbox 857 1233 978 1295; x_wconf 90' lang='lat' dir='ltr'><strong>oriente</strong></span> <span class='ocrx_word' id='word_1_66' title='bbox 1001 1231 1188 1308; x_wconf 86' lang='lat' dir='ltr'><strong>Sardiniam,</strong></span> <span class='ocrx_word' id='word_1_67' title='bbox 1216 1231 1253 1293; x_wconf 85' lang='lat' dir='ltr'><strong>ab</strong></span> 
     </span>
     <span class='ocr_line' id='line_1_10' title="bbox 197 1331 1252 1412; baseline 0 -19"><span class='ocrx_word' id='word_1_68' title='bbox 197 1332 344 1412; x_wconf 89' lang='lat' dir='ltr'><strong>aquilone</strong></span> <span class='ocrx_word' id='word_1_69' title='bbox 366 1350 450 1396; x_wconf 87' lang='lat' dir='ltr'><strong>mere</strong></span> <span class='ocrx_word' id='word_1_70' title='bbox 471 1331 631 1412; x_wconf 86' lang='lat' dir='ltr'><strong>Gallicum,</strong></span> <span class='ocrx_word' id='word_1_71' title='bbox 653 1351 671 1395; x_wconf 95' lang='lat' dir='ltr'><strong>a</strong></span> <span class='ocrx_word' id='word_1_72' title='bbox 693 1333 823 1395; x_wconf 87' lang='lat' dir='ltr'><strong>meridie</strong></span> <span class='ocrx_word' id='word_1_73' title='bbox 845 1339 877 1394; x_wconf 88' lang='lat' dir='ltr'><strong>et</strong></span> <span class='ocrx_word' id='word_1_74' title='bbox 897 1331 1005 1395; x_wconf 81' lang='lat' dir='ltr'><strong>Africo</strong></span> <span class='ocrx_word' id='word_1_75' title='bbox 1019 1333 1252 1396; x_wconf 88' lang='lat' dir='ltr'><strong>llauritanicum</strong></span> 
     </span>
     <span class='ocr_line' id='line_1_11' title="bbox 197 1432 1253 1516; baseline 0 -22"><span class='ocrx_word' id='word_1_76' title='bbox 197 1432 343 1513; x_wconf 80' lang='lat' dir='ltr'><strong>pelagus,</strong></span> <span class='ocrx_word' id='word_1_77' title='bbox 375 1433 414 1494; x_wconf 91' lang='lat' dir='ltr'><strong>ab</strong></span> <span class='ocrx_word' id='word_1_78' title='bbox 443 1451 554 1496; x_wconf 86' lang='lat' dir='ltr'><strong>occasu</strong></span> <span class='ocrx_word' id='word_1_79' title='bbox 584 1432 738 1496; x_wconf 85' lang='lat' dir='ltr'><strong>Ibericum</strong></span> <span class='ocrx_word' id='word_1_80' title='bbox 766 1433 894 1516; x_wconf 78' lang='lat' dir='ltr'><strong>pelagus</strong></span> <span class='ocrx_word' id='word_1_81' title='bbox 920 1440 1045 1514; x_wconf 85' lang='lat' dir='ltr'><strong>spectat.</strong></span> <span class='ocrx_word' id='word_1_82' title='bbox 1088 1432 1155 1498; x_wconf 85' lang='lat' dir='ltr'><strong>llae</strong></span> <span class='ocrx_word' id='word_1_83' title='bbox 1181 1440 1253 1496; x_wconf 90' lang='lat' dir='ltr'><strong>sunt</strong></span> 
     </span>
     <span class='ocr_line' id='line_1_12' title="bbox 198 1532 1252 1616; baseline -0.002 -18"><span class='ocrx_word' id='word_1_84' title='bbox 198 1533 299 1598; x_wconf 82' lang='lat' dir='ltr'><strong>insula</strong></span> <span class='ocrx_word' id='word_1_85' title='bbox 321 1532 580 1614; x_wconf 85' lang='lat' dir='ltr'><strong>abHellesponto</strong></span> <span class='ocrx_word' id='word_1_86' title='bbox 602 1534 764 1614; x_wconf 88' lang='lat' dir='ltr'><strong>usquead</strong></span> <span class='ocrx_word' id='word_1_87' title='bbox 791 1533 949 1598; x_wconf 78' lang='lat' dir='ltr'><strong>Oceanum</strong></span> <span class='ocrx_word' id='word_1_88' title='bbox 976 1551 1032 1616; x_wconf 89' lang='lat' dir='ltr'><strong>per</strong></span> <span class='ocrx_word' id='word_1_89' title='bbox 1058 1541 1155 1598; x_wconf 89' lang='lat' dir='ltr'><strong>totum</strong></span> <span class='ocrx_word' id='word_1_90' title='bbox 1183 1533 1252 1596; x_wconf 86' lang='lat' dir='ltr'><strong>lla·</strong></span> 
     </span>
     <span class='ocr_line' id='line_1_13' title="bbox 197 1634 1253 1716; baseline 0.002 -23"><span class='ocrx_word' id='word_1_91' title='bbox 197 1649 293 1712; x_wconf 84' lang='lat' dir='ltr'><strong>gnum</strong></span> <span class='ocrx_word' id='word_1_92' title='bbox 316 1634 444 1716; x_wconf 82' lang='lat' dir='ltr'><strong>pelagus</strong></span> <span class='ocrx_word' id='word_1_93' title='bbox 466 1636 667 1698; x_wconf 84' lang='lat' dir='ltr'><strong>constitutae:</strong></span> <span class='ocrx_word' id='word_1_94' title='bbox 691 1652 772 1715; x_wconf 88' lang='lat' dir='ltr'><strong>quae</strong></span> <span class='ocrx_word' id='word_1_95' title='bbox 793 1640 826 1696; x_wconf 87' lang='lat' dir='ltr'><strong>et</strong></span> <span class='ocrx_word' id='word_1_96' title='bbox 847 1634 932 1697; x_wconf 86' lang='lat' dir='ltr'><strong>cultu</strong></span> <span class='ocrx_word' id='word_1_97' title='bbox 947 1642 979 1697; x_wconf 90' lang='lat' dir='ltr'><strong>et</strong></span> <span class='ocrx_word' id='word_1_98' title='bbox 994 1635 1141 1697; x_wconf 86' lang='lat' dir='ltr'><strong>momoria</strong></span> <span class='ocrx_word' id='word_1_99' title='bbox 1156 1635 1253 1715; x_wconf 83' lang='lat' dir='ltr'><strong>magis</strong></span> 
     </span>
     <span class='ocr_line' id='line_1_14' title="bbox 198 1732 1252 1816; baseline 0.003 -23"><span class='ocrx_word' id='word_1_100' title='bbox 198 1732 337 1796; x_wconf 87' lang='lat' dir='ltr'><strong>celebres</strong></span> <span class='ocrx_word' id='word_1_101' title='bbox 360 1734 518 1798; x_wconf 86' lang='lat' dir='ltr'><strong>habentur.</strong></span> <span class='ocrx_word' id='word_1_102' title='bbox 556 1735 722 1797; x_wconf 88' lang='lat' dir='ltr'><strong>Perconsui</strong></span> <span class='ocrx_word' id='word_1_103' title='bbox 744 1734 883 1797; x_wconf 86' lang='lat' dir='ltr'><strong>breviter</strong></span> <span class='ocrx_word' id='word_1_104' title='bbox 905 1733 951 1815; x_wconf 86' lang='lat' dir='ltr'><strong>(ut</strong></span> <span class='ocrx_word' id='word_1_105' title='bbox 965 1733 1063 1816; x_wconf 82' lang='lat' dir='ltr'><strong>potui)</strong></span> <span class='ocrx_word' id='word_1_106' title='bbox 1078 1735 1252 1816; x_wconf 86' lang='lat' dir='ltr'><strong>provincias</strong></span> 
     </span>
     <span class='ocr_line' id='line_1_15' title="bbox 198 1829 1251 1923; baseline 0.001 -29"><span class='ocrx_word' id='word_1_107' title='bbox 198 1829 264 1923; x_wconf 80' lang='lat'>[35]</span> <span class='ocrx_word' id='word_1_108' title='bbox 288 1841 320 1895; x_wconf 86' lang='lat' dir='ltr'><strong>ot</strong></span> <span class='ocrx_word' id='word_1_109' title='bbox 341 1835 457 1896; x_wconf 90' lang='lat' dir='ltr'><strong>insulas</strong></span> <span class='ocrx_word' id='word_1_110' title='bbox 485 1834 568 1897; x_wconf 88' lang='lat' dir='ltr'><strong>orbis</strong></span> <span class='ocrx_word' id='word_1_111' title='bbox 596 1835 750 1898; x_wconf 74' lang='lat' dir='ltr'><strong>tininensi:</strong></span> <span class='ocrx_word' id='word_1_112' title='bbox 779 1851 863 1898; x_wconf 87' lang='lat' dir='ltr'><strong>nunc</strong></span> <span class='ocrx_word' id='word_1_113' title='bbox 884 1836 1000 1898; x_wconf 85' lang='lat' dir='ltr'><strong>locales</strong></span> <span class='ocrx_word' id='word_1_114' title='bbox 1019 1837 1160 1917; x_wconf 82' lang='lat' dir='ltr'><strong>gentium</strong></span> <span class='ocrx_word' id='word_1_115' title='bbox 1181 1836 1251 1896; x_wconf 87' lang='lat' dir='ltr'><strong>sin·</strong></span> 
     </span>
     <span class='ocr_line' id='line_1_16' title="bbox 177 1933 1253 2022; baseline 0 -28"><span class='ocrx_word' id='word_1_116' title='bbox 177 1933 338 2022; x_wconf 24' lang='lat' dir='ltr'><strong>&#39;gularum</strong></span> <span class='ocrx_word' id='word_1_117' title='bbox 362 1935 511 2012; x_wconf 85' lang='lat' dir='ltr'><strong>miserias,</strong></span> <span class='ocrx_word' id='word_1_118' title='bbox 534 1935 615 1999; x_wconf 88' lang='lat' dir='ltr'><strong>sicut</strong></span> <span class='ocrx_word' id='word_1_119' title='bbox 635 1935 675 1998; x_wconf 92' lang='lat' dir='ltr'><strong>ab</strong></span> <span class='ocrx_word' id='word_1_120' title='bbox 698 1937 787 1998; x_wconf 89' lang='lat' dir='ltr'><strong>initio</strong></span> <span class='ocrx_word' id='word_1_121' title='bbox 809 1936 1036 2000; x_wconf 84' lang='lat' dir='ltr'><strong>incessabiliter</strong></span> <span class='ocrx_word' id='word_1_122' title='bbox 1056 1936 1253 2010; x_wconf 86' lang='lat' dir='ltr'><strong>exstiterunt,</strong></span> 
     </span>
     <span class='ocr_line' id='line_1_17' title="bbox 198 2034 1251 2117; baseline 0.004 -24"><span class='ocrx_word' id='word_1_123' title='bbox 198 2041 230 2094; x_wconf 88' lang='lat' dir='ltr'><strong>et</strong></span> <span class='ocrx_word' id='word_1_124' title='bbox 252 2034 384 2114; x_wconf 83' lang='lat' dir='ltr'><strong>qualiter</strong></span> <span class='ocrx_word' id='word_1_125' title='bbox 406 2035 581 2116; x_wconf 82' lang='lat' dir='ltr'><strong>quibusque</strong></span> <span class='ocrx_word' id='word_1_126' title='bbox 603 2036 730 2100; x_wconf 80' lang='lat' dir='ltr'><strong>exortae</strong></span> <span class='ocrx_word' id='word_1_127' title='bbox 752 2043 840 2114; x_wconf 91' lang='lat' dir='ltr'><strong>sunt,</strong></span> <span class='ocrx_word' id='word_1_128' title='bbox 863 2037 895 2100; x_wconf 93' lang='lat' dir='ltr'><strong>in</strong></span> <span class='ocrx_word' id='word_1_129' title='bbox 918 2044 1066 2117; x_wconf 89' lang='lat' dir='ltr'><strong>quantum</strong></span> <span class='ocrx_word' id='word_1_130' title='bbox 1087 2035 1251 2113; x_wconf 77' lang='lat' dir='ltr'><strong>suffecero,</strong></span> 
     </span>
     <span class='ocr_line' id='line_1_18' title="bbox 197 2134 640 2213; baseline 0.007 -18"><span class='ocrx_word' id='word_1_131' title='bbox 197 2134 359 2213; x_wconf 79' lang='lat' dir='ltr'><strong>proteram.</strong></span> <span class='ocrx_word' id='word_1_132' title='bbox 637 2149 640 2158; x_wconf 81' lang='grc'>’</span> 
     </span>
    </p>
   </div>
   <div class='ocr_carea' id='block_1_4' title="bbox 537 2366 905 2530">
    <p class='ocr_par' dir='ltr' id='par_1_4' title="bbox 537 2366 905 2530">
     <span class='ocr_line' id='line_1_19' title="bbox 537 2366 905 2530; baseline -0.03 -22"><span class='ocrx_word' id='word_1_133' title='bbox 537 2391 750 2530; x_wconf 78' lang='lat' dir='ltr'><strong>,baput</strong></span> <span class='ocrx_word' id='word_1_134' title='bbox 803 2366 905 2498; x_wconf 79' lang='lat' dir='ltr'><strong>lli</strong></span> 
     </span>
    </p>
   </div>
   <div class='ocr_carea' id='block_1_5' title="bbox 510 2588 1010 2662">
    <p class='ocr_par' dir='ltr' id='par_1_5' title="bbox 510 2588 1010 2662">
     <span class='ocr_line' id='line_1_20' title="bbox 510 2588 1010 2662; baseline 0 -2"><span class='ocrx_word' id='word_1_135' title='bbox 510 2593 567 2660; x_wconf 88' lang='lat' dir='ltr'><strong>De</strong></span> <span class='ocrx_word' id='word_1_136' title='bbox 599 2597 726 2662; x_wconf 80' lang='lat' dir='ltr'><strong>diluvio</strong></span> <span class='ocrx_word' id='word_1_137' title='bbox 757 2597 822 2662; x_wconf 79' lang='lat' dir='ltr'><strong>eud</strong></span> <span class='ocrx_word' id='word_1_138' title='bbox 851 2591 938 2660; x_wconf 76' lang='grc' dir='ltr'><strong>Νοέ.</strong></span> <span class='ocrx_word' id='word_1_139' title='bbox 1005 2588 1010 2594; x_wconf 75' lang='grc'><strong><em>’</em></strong></span> 
     </span>
    </p>
   </div>
   <div class='ocr_carea' id='block_1_6' title="bbox 197 2739 1303 4037">
    <p class='ocr_par' dir='ltr' id='par_1_6' title="bbox 197 2739 1303 4037">
     <span class='ocr_line' id='line_1_21' title="bbox 282 2739 1303 2831; baseline 0.001 -22"><span class='ocrx_word' id='word_1_140' title='bbox 282 2747 357 2810; x_wconf 85' lang='lat' dir='ltr'><strong>Curn</strong></span> <span class='ocrx_word' id='word_1_141' title='bbox 380 2739 455 2830; x_wconf 87' lang='lat' dir='ltr'><strong>post</strong></span> <span class='ocrx_word' id='word_1_142' title='bbox 470 2750 631 2828; x_wconf 82' lang='lat' dir='ltr'><strong>fabricam,</strong></span> <span class='ocrx_word' id='word_1_143' title='bbox 654 2757 861 2830; x_wconf 88' lang='lat' dir='ltr'><strong>ornatumque</strong></span> <span class='ocrx_word' id='word_1_144' title='bbox 884 2749 991 2812; x_wconf 91' lang='lat' dir='ltr'><strong>mundi</strong></span> <span class='ocrx_word' id='word_1_145' title='bbox 1019 2749 1127 2831; x_wconf 88' lang='lat' dir='ltr'><strong>hujus,</strong></span> <span class='ocrx_word' id='word_1_146' title='bbox 1149 2748 1251 2826; x_wconf 88' lang='lat' dir='ltr'><strong>bomo,</strong></span> <span class='ocrx_word' id='word_1_147' title='bbox 1302 2760 1303 2829; x_wconf 54' lang='grc' dir='ltr'>ἦ</span> 
     </span>
     <span class='ocr_line' id='line_1_22' title="bbox 197 2849 1253 2933; baseline 0.003 -25"><span class='ocrx_word' id='word_1_148' title='bbox 197 2865 288 2927; x_wconf 89' lang='lat' dir='ltr'><strong>quem</strong></span> <span class='ocrx_word' id='word_1_149' title='bbox 311 2857 429 2912; x_wconf 87' lang='lat' dir='ltr'><strong>rectum</strong></span> <span class='ocrx_word' id='word_1_150' title='bbox 452 2858 545 2933; x_wconf 87' lang='lat' dir='ltr'><strong>atquc</strong></span> <span class='ocrx_word' id='word_1_151' title='bbox 567 2849 793 2913; x_wconf 86' lang='lat' dir='ltr'><strong>immaculatum</strong></span> <span class='ocrx_word' id='word_1_152' title='bbox 816 2849 933 2913; x_wconf 86' lang='lat' dir='ltr'><strong>lecerat</strong></span> <span class='ocrx_word' id='word_1_153' title='bbox 948 2850 1043 2927; x_wconf 87' lang='lat' dir='ltr'><strong>Deus,</strong></span> <span class='ocrx_word' id='word_1_154' title='bbox 1065 2868 1101 2912; x_wconf 90' lang='lat' dir='ltr'><strong>ac</strong></span> <span class='ocrx_word' id='word_1_155' title='bbox 1124 2851 1253 2930; x_wconf 83' lang='lat' dir='ltr'><strong>perinde</strong></span> 
     </span>
     <span class='ocr_line' id='line_1_23' title="bbox 197 2946 1303 3034; baseline 0.002 -26"><span class='ocrx_word' id='word_1_156' title='bbox 197 2946 362 3011; x_wconf 86' lang='lat' dir='ltr'><strong>humanum</strong></span> <span class='ocrx_word' id='word_1_157' title='bbox 393 2971 493 3034; x_wconf 81' lang='lat' dir='ltr'><strong>genus</strong></span> <span class='ocrx_word' id='word_1_158' title='bbox 527 2951 707 3015; x_wconf 90' lang='lat' dir='ltr'><strong>libidinibus</strong></span> <span class='ocrx_word' id='word_1_159' title='bbox 740 2951 939 3032; x_wconf 88' lang='lat' dir='ltr'><strong>depravatum</strong></span> <span class='ocrx_word' id='word_1_160' title='bbox 971 2951 1106 3030; x_wconf 88' lang='lat' dir='ltr'><strong>peccatis</strong></span> <span class='ocrx_word' id='word_1_161' title='bbox 1138 2949 1251 3011; x_wconf 90' lang='lat' dir='ltr'><strong>obsor-</strong></span> <span class='ocrx_word' id='word_1_162' title='bbox 1302 2952 1303 2981; x_wconf 64' lang='lat'>³</span> 
     </span>
     <span class='ocr_line' id='line_1_24' title="bbox 197 3035 1303 3135; baseline 0.004 -27"><span class='ocrx_word' id='word_1_163' title='bbox 197 3047 329 3129; x_wconf 89' lang='lat' dir='ltr'><strong>duisset,</strong></span> <span class='ocrx_word' id='word_1_164' title='bbox 358 3055 506 3116; x_wconf 86' lang='lat' dir='ltr'><strong>continuo</strong></span> <span class='ocrx_word' id='word_1_165' title='bbox 533 3035 676 3135; x_wconf 79' lang='lat' dir='ltr'><strong>injustam</strong></span> <span class='ocrx_word' id='word_1_166' title='bbox 704 3049 860 3114; x_wconf 90' lang='lat' dir='ltr'><strong>licentiam</strong></span> <span class='ocrx_word' id='word_1_167' title='bbox 883 3054 967 3134; x_wconf 86' lang='lat' dir='ltr'><strong>justa</strong></span> <span class='ocrx_word' id='word_1_168' title='bbox 994 3051 1113 3131; x_wconf 87' lang='lat' dir='ltr'><strong>punitio</strong></span> <span class='ocrx_word' id='word_1_169' title='bbox 1135 3066 1252 3112; x_wconf 89' lang='lat' dir='ltr'><strong>conse·</strong></span> <span class='ocrx_word' id='word_1_170' title='bbox 1302 3086 1303 3091; x_wconf 20' lang='grc' dir='ltr'><strong>κ</strong></span> 
     </span>
     <span class='ocr_line' id='line_1_25' title="bbox 198 3137 1303 3232; baseline 0 -20"><span class='ocrx_word' id='word_1_171' title='bbox 198 3137 264 3232; x_wconf 79' lang='lat'><strong>[36]</strong></span> <span class='ocrx_word' id='word_1_172' title='bbox 287 3160 356 3216; x_wconf 90' lang='lat' dir='ltr'><strong>cuta</strong></span> <span class='ocrx_word' id='word_1_173' title='bbox 377 3162 432 3218; x_wconf 89' lang='lat' dir='ltr'><strong>ost.</strong></span> <span class='ocrx_word' id='word_1_174' title='bbox 478 3153 667 3218; x_wconf 89' lang='lat' dir='ltr'><strong>Sententiam</strong></span> <span class='ocrx_word' id='word_1_175' title='bbox 697 3153 845 3216; x_wconf 81' lang='lat' dir='ltr'><strong>creatoris</strong></span> <span class='ocrx_word' id='word_1_176' title='bbox 874 3153 932 3214; x_wconf 86' lang='lat' dir='ltr'><strong>Dei</strong></span> <span class='ocrx_word' id='word_1_177' title='bbox 960 3153 994 3213; x_wconf 84' lang='lat' dir='ltr'><strong>et&#39;</strong></span> <span class='ocrx_word' id='word_1_178' title='bbox 1013 3151 1144 3231; x_wconf 86' lang='lat' dir='ltr'><strong>judicis,</strong></span> <span class='ocrx_word' id='word_1_179' title='bbox 1173 3169 1252 3230; x_wconf 85' lang='lat' dir='ltr'><strong>pec·</strong></span> <span class='ocrx_word' id='word_1_180' title='bbox 1302 3156 1303 3173; x_wconf 43' lang='lat' dir='ltr'><strong>l</strong></span> 
     </span>
     <span class='ocr_line' id='line_1_26' title="bbox 197 3252 1303 3337; baseline 0 -26"><span class='ocrx_word' id='word_1_181' title='bbox 197 3253 279 3312; x_wconf 93' lang='lat' dir='ltr'><strong>canti</strong></span> <span class='ocrx_word' id='word_1_182' title='bbox 301 3253 416 3317; x_wconf 90' lang='lat' dir='ltr'><strong>homini</strong></span> <span class='ocrx_word' id='word_1_183' title='bbox 439 3274 476 3318; x_wconf 88' lang='lat' dir='ltr'><strong>ao</strong></span> <span class='ocrx_word' id='word_1_184' title='bbox 498 3263 599 3318; x_wconf 86' lang='lat' dir='ltr'><strong>terrae</strong></span> <span class='ocrx_word' id='word_1_185' title='bbox 621 3261 747 3335; x_wconf 82' lang='lat' dir='ltr'><strong>propter</strong></span> <span class='ocrx_word' id='word_1_186' title='bbox 768 3254 923 3316; x_wconf 87' lang='lat' dir='ltr'><strong>bominem</strong></span> <span class='ocrx_word' id='word_1_187' title='bbox 946 3252 1139 3329; x_wconf 88' lang='lat' dir='ltr'><strong>destinatam,</strong></span> <span class='ocrx_word' id='word_1_188' title='bbox 1164 3269 1253 3313; x_wconf 88' lang='lat' dir='ltr'><strong>sem·</strong></span> <span class='ocrx_word' id='word_1_189' title='bbox 1302 3280 1303 3337; x_wconf 65' lang='lat' dir='ltr'><strong>o</strong></span> 
     </span>
     <span class='ocr_line' id='line_1_27' title="bbox 197 3344 1303 3432; baseline -0.001 -18"><span class='ocrx_word' id='word_1_190' title='bbox 197 3367 315 3432; x_wconf 88' lang='lat' dir='ltr'><strong>perque</strong></span> <span class='ocrx_word' id='word_1_191' title='bbox 336 3354 406 3416; x_wconf 91' lang='lat' dir='ltr'><strong>dom</strong></span> <span class='ocrx_word' id='word_1_192' title='bbox 423 3355 562 3418; x_wconf 89' lang='lat' dir='ltr'><strong>homines</strong></span> <span class='ocrx_word' id='word_1_193' title='bbox 578 3362 689 3418; x_wconf 88' lang='lat' dir='ltr'><strong>terram</strong></span> <span class='ocrx_word' id='word_1_194' title='bbox 704 3354 911 3417; x_wconf 86' lang='lat' dir='ltr'><strong>habitaverint</strong></span> <span class='ocrx_word' id='word_1_195' title='bbox 926 3352 1112 3428; x_wconf 88' lang='lat' dir='ltr'><strong>duraturam,</strong></span> <span class='ocrx_word' id='word_1_196' title='bbox 1135 3368 1255 3427; x_wconf 90' lang='lat' dir='ltr'><strong>omnes,</strong></span> <span class='ocrx_word' id='word_1_197' title='bbox 1302 3344 1303 3397; x_wconf 75' lang='grc' dir='ltr'>ἶ</span> 
     </span>
     <span class='ocr_line' id='line_1_28' title="bbox 198 3443 1303 3537; baseline 0.001 -25"><span class='ocrx_word' id='word_1_198' title='bbox 198 3453 288 3516; x_wconf 88' lang='lat' dir='ltr'><strong>inviti</strong></span> <span class='ocrx_word' id='word_1_199' title='bbox 311 3443 473 3532; x_wconf 59' lang='lat' dir='ltr'><strong>lieet,”aut</strong></span> <span class='ocrx_word' id='word_1_200' title='bbox 494 3455 657 3535; x_wconf 88' lang='lat' dir='ltr'><strong>probamus</strong></span> <span class='ocrx_word' id='word_1_201' title='bbox 679 3455 839 3537; x_wconf 86' lang='lat' dir='ltr'><strong>negando,</strong></span> <span class='ocrx_word' id='word_1_202' title='bbox 862 3460 915 3516; x_wconf 90' lang='lat' dir='ltr'><strong>aut</strong></span> <span class='ocrx_word' id='word_1_203' title='bbox 936 3451 1116 3516; x_wconf 84' lang='lat' dir='ltr'><strong>confitendo</strong></span> <span class='ocrx_word' id='word_1_204' title='bbox 1134 3451 1253 3513; x_wconf 88' lang='lat' dir='ltr'><strong>tolera·</strong></span> <span class='ocrx_word' id='word_1_205' title='bbox 1302 3516 1303 3531; x_wconf 12' lang='grc' dir='ltr'>ἦ</span> 
     </span>
     <span class='ocr_line' id='line_1_29' title="bbox 198 3553 1303 3641; baseline -0.001 -27"><span class='ocrx_word' id='word_1_206' title='bbox 198 3570 282 3615; x_wconf 88' lang='lat' dir='ltr'><strong>mus:</strong></span> <span class='ocrx_word' id='word_1_207' title='bbox 305 3555 527 3637; x_wconf 90' lang='lat' dir='ltr'><strong>obstinatisque</strong></span> <span class='ocrx_word' id='word_1_208' title='bbox 551 3557 705 3620; x_wconf 79' lang='lat' dir='ltr'><strong>inentibus</strong></span> <span class='ocrx_word' id='word_1_209' title='bbox 724 3558 813 3618; x_wconf 88' lang='lat' dir='ltr'><strong>testis</strong></span> <span class='ocrx_word' id='word_1_210' title='bbox 827 3555 887 3617; x_wconf 86' lang='lat' dir='ltr'><strong>sibi</strong></span> <span class='ocrx_word' id='word_1_211' title='bbox 902 3553 1061 3616; x_wconf 84' lang='lat' dir='ltr'><strong>infirmitas</strong></span> <span class='ocrx_word' id='word_1_212' title='bbox 1075 3569 1132 3614; x_wconf 89' lang='lat' dir='ltr'><strong>sua</strong></span> <span class='ocrx_word' id='word_1_213' title='bbox 1146 3553 1256 3629; x_wconf 89' lang='lat' dir='ltr'><strong>inurit,</strong></span> <span class='ocrx_word' id='word_1_214' title='bbox 1302 3590 1303 3641; x_wconf 66' lang='lat'>3</span> 
     </span>
     <span class='ocr_line' id='line_1_30' title="bbox 199 3650 1303 3739; baseline -0.004 -21"><span class='ocrx_word' id='word_1_215' title='bbox 199 3655 311 3735; x_wconf 88' lang='lat' dir='ltr'><strong>quibus</strong></span> <span class='ocrx_word' id='word_1_216' title='bbox 344 3656 442 3719; x_wconf 89' lang='lat' dir='ltr'><strong>fidelis</strong></span> <span class='ocrx_word' id='word_1_217' title='bbox 475 3659 625 3738; x_wconf 86' lang='lat' dir='ltr'><strong>scriptura</strong></span> <span class='ocrx_word' id='word_1_218' title='bbox 658 3673 720 3718; x_wconf 92' lang='lat' dir='ltr'><strong>non</strong></span> <span class='ocrx_word' id='word_1_219' title='bbox 753 3657 892 3718; x_wconf 88' lang='lat' dir='ltr'><strong>suaserit.</strong></span> <span class='ocrx_word' id='word_1_220' title='bbox 935 3653 1056 3717; x_wconf 86' lang='lat' dir='ltr'><strong>Deinde</strong></span> <span class='ocrx_word' id='word_1_221' title='bbox 1087 3650 1196 3714; x_wconf 83' lang='lat' dir='ltr'><strong>refuso</strong></span> <span class='ocrx_word' id='word_1_222' title='bbox 1224 3655 1257 3715; x_wconf 88' lang='lat' dir='ltr'><strong>in</strong></span> <span class='ocrx_word' id='word_1_223' title='bbox 1302 3686 1303 3739; x_wconf 46' lang='lat' dir='ltr'><strong>q</strong></span> 
     </span>
     <span class='ocr_line' id='line_1_31' title="bbox 199 3754 1256 3838; baseline -0.004 -20"><span class='ocrx_word' id='word_1_224' title='bbox 199 3774 320 3820; x_wconf 88' lang='lat' dir='ltr'><strong>omnem</strong></span> <span class='ocrx_word' id='word_1_225' title='bbox 342 3764 454 3819; x_wconf 84' lang='lat' dir='ltr'><strong>terram</strong></span> <span class='ocrx_word' id='word_1_226' title='bbox 478 3758 569 3834; x_wconf 85' lang='lat' dir='ltr'><strong>mari,</strong></span> <span class='ocrx_word' id='word_1_227' title='bbox 599 3757 799 3838; x_wconf 87' lang='lat' dir='ltr'><strong>immissoque</strong></span> <span class='ocrx_word' id='word_1_228' title='bbox 825 3757 959 3834; x_wconf 85' lang='lat' dir='ltr'><strong>diluvio,</strong></span> <span class='ocrx_word' id='word_1_229' title='bbox 986 3771 1058 3818; x_wconf 89' lang='lat' dir='ltr'><strong>cum</strong></span> <span class='ocrx_word' id='word_1_230' title='bbox 1085 3759 1151 3815; x_wconf 90' lang='lat' dir='ltr'><strong>toto</strong></span> <span class='ocrx_word' id='word_1_231' title='bbox 1181 3754 1256 3816; x_wconf 89' lang='lat' dir='ltr'><strong>orbe</strong></span> 
     </span>
     <span class='ocr_line' id='line_1_32' title="bbox 199 3853 1303 3938; baseline -0.001 -20"><span class='ocrx_word' id='word_1_232' title='bbox 199 3865 340 3920; x_wconf 87' lang='lat' dir='ltr'><strong>contecto</strong></span> <span class='ocrx_word' id='word_1_233' title='bbox 356 3875 450 3920; x_wconf 77' lang='lat' dir='ltr'><strong>unium</strong></span> <span class='ocrx_word' id='word_1_234' title='bbox 465 3859 596 3938; x_wconf 86' lang='lat' dir='ltr'><strong>spatium</strong></span> <span class='ocrx_word' id='word_1_235' title='bbox 612 3857 693 3918; x_wconf 90' lang='lat' dir='ltr'><strong>coeli</strong></span> <span class='ocrx_word' id='word_1_236' title='bbox 708 3863 791 3918; x_wconf 89' lang='lat' dir='ltr'><strong>esset</strong></span> <span class='ocrx_word' id='word_1_237' title='bbox 805 3875 841 3920; x_wconf 88' lang='lat' dir='ltr'><strong>ac</strong></span> <span class='ocrx_word' id='word_1_238' title='bbox 862 3856 975 3938; x_wconf 85' lang='lat' dir='ltr'><strong>pelagi,</strong></span> <span class='ocrx_word' id='word_1_239' title='bbox 999 3855 1135 3918; x_wconf 83' lang='lat' dir='ltr'><strong>deletum</strong></span> <span class='ocrx_word' id='word_1_240' title='bbox 1157 3853 1256 3917; x_wconf 85' lang='lat' dir='ltr'><strong>luisse</strong></span> <span class='ocrx_word' id='word_1_241' title='bbox 1302 3864 1303 3869; x_wconf 77' lang='grc'>’</span> 
     </span>
     <span class='ocr_line' id='line_1_33' title="bbox 199 3954 1255 4037; baseline -0.002 -17"><span class='ocrx_word' id='word_1_242' title='bbox 199 3957 377 4021; x_wconf 80' lang='lat' dir='ltr'><strong>uniuersum</strong></span> <span class='ocrx_word' id='word_1_243' title='bbox 391 3959 556 4022; x_wconf 85' lang='lat' dir='ltr'><strong>humanum</strong></span> <span class='ocrx_word' id='word_1_244' title='bbox 579 3971 692 4037; x_wconf 81' lang='lat' dir='ltr'><strong>genus,</strong></span> <span class='ocrx_word' id='word_1_245' title='bbox 713 3956 820 4035; x_wconf 88' lang='lat' dir='ltr'><strong>paucis</strong></span> <span class='ocrx_word' id='word_1_246' title='bbox 841 3959 874 4020; x_wconf 89' lang='lat' dir='ltr'><strong>in</strong></span> <span class='ocrx_word' id='word_1_247' title='bbox 895 3974 967 4018; x_wconf 87' lang='lat' dir='ltr'><strong>arca</strong></span> <span class='ocrx_word' id='word_1_248' title='bbox 988 3954 1062 4020; x_wconf 85' lang='lat' dir='ltr'><strong>lidei</strong></span> <span class='ocrx_word' id='word_1_249' title='bbox 1083 3973 1162 4019; x_wconf 91' lang='lat' dir='ltr'><strong>suae</strong></span> <span class='ocrx_word' id='word_1_250' title='bbox 1182 3973 1255 4018; x_wconf 87' lang='lat' dir='ltr'><strong>me-</strong></span> 
     </span>
    </p>
   </div>
   <div class='ocr_carea' id='block_1_7' title="bbox 0 0 1322 4434">
    <p class='ocr_par' dir='ltr' id='par_1_7' title="bbox 0 0 1322 4434">
     <span class='ocr_line' id='line_1_34' title="bbox 0 0 1322 4434; baseline 0 0"><span class='ocrx_word' id='word_1_251' title='bbox 0 0 1322 4434; x_wconf 95' lang='lat' dir='ltr'><strong> </strong></span> 
     </span>
    </p>
   </div>
  </div>
 </body>
</html>
