2634 4434
550 348 617 417 tttt

473 448 683 459 —a--———

62 582 172 646 ditores
195 582 360 665 interfecit,
383 582 464 647 bona
485 585 550 649 suis
566 583 737 665 diripienda
752 585 898 664 permisit.
930 585 1001 649 Post
1015 586 1112 651 Cinna

61 684 165 747 consul
187 702 255 747 eum
278 682 455 766 legionibus
476 692 508 749 et
530 683 644 751 Marius
667 704 736 749 curn
760 683 899 767 fugitivis
921 685 1033 751 Urbem
1056 688 1110 749 in·

59 786 154 865 gressi
183 784 389 849 nobilissimos
417 802 558 868 quosque
585 805 604 851 e
631 793 742 851 senam
769 792 801 849 et
822 785 970 867 plurimos
992 803 1110 850 cousu-

59 884 136 947 lares
169 887 252 951 viros
285 884 516 951 interfecerunt.
560 885 621 953 seu
648 895 742 969 quota
769 886 847 950 baec
867 888 973 968 »portio
1000 894 1111 951 osten-

59 992 135 1049 tatae
163 988 306 1051 miseriae
334 993 396 1063 est,
424 1004 487 1049 uno
513 988 609 1051 verbo
632 988 778 1053 delinisse
799 988 926 1052 caedem
948 988 1111 1065 bonorum,

58 1087 142 1167 quus
165 1086 223 1150 fuit
245 1094 327 1149 tanta
349 1088 569 1165 numerositas,
597 1095 681 1151 unta
704 1089 905 1166 diuturnitas,
927 1096 1010 1152 unta
1031 1104 1108 1151 cru·

57 1185 174 1267 delites,
197 1194 343 1272 tantaque
366 1188 551 1253 diversitas?
588 1188 806 1253 Verumtamen
828 1190 958 1269 aequius
980 1195 1038 1266 est,
1061 1206 1112 1250 me

56 1286 170 1367 attqaid
190 1289 331 1351 utilitatis
352 1288 542 1353 subtraxisse
564 1308 692 1368 causae,
721 1308 812 1370 quam
835 1296 953 1354 tantum
974 1288 1111 1353 horroris

54 1386 221 1469 ingessisse
243 1390 386 1466 notitiae,
414 1392 481 1455 sive
509 1393 616 1472 peritis
643 1392 737 1469 baec,
765 1393 833 1456 sive
855 1390 1006 1471 imperitis
1026 1388 1111 1470 obji-

53 1488 184 1551 cientur.
227 1489 274 1553 De
295 1491 391 1569 patria
413 1491 583 1571 siquidem,
606 1492 646 1554 de
669 1492 790 1555 civibus
817 1498 849 1555 et
876 1492 916 1557 de
942 1489 1109 1573 maioribus

52 1588 168 1653 nostris
189 1586 266 1651 baec
288 1588 457 1675 loquimur:
481 1593 535 1671 qui
561 1592 609 1655 bis
635 1594 783 1673 exagitati
808 1592 911 1668 malis,
938 1598 999 1653 tam
1027 1589 1108 1653 abe·

52 1689 196 1752 minanda
223 1697 389 1771 gesseruut
416 1690 454 1755 de
483 1675 605 1771 quibus
623 1693 715 1755 etiarn
743 1692 856 1757 auditis
884 1691 1000 1770 posteri
1030 1706 1108 1769 per·

52 1788 246 1865 horrescant3
271 1792 324 1871 qni
348 1791 486 1871 prolecto
504 1792 617 1854 nolunt
639 1794 697 1855 ista
719 1793 810 1856 nimis
832 1789 1030 1873 exaggerari,
1057 1794 1111 1852 aut

53 1889 235 1955 sufficientis
258 1892 386 1956 notitiae
408 1892 618 1958 moderatione
640 1895 667 1956 si
689 1894 804 1976 sciunt3
827 1900 880 1957 aut
902 1889 1110 1956 misericordis

52 1992 246 2057 reverentiae
268 1992 527 2073 contemplatione
548 1994 575 2058 si
597 1996 749 2059 nesciunt.
784 1993 881 2075 lgitur
901 1993 1109 2057 blariuseum

54 2090 283 2157 interfectorum
306 2094 421 2159 civium
442 2094 542 2174 capita
564 2094 646 2159 illata
669 2096 831 2172 conviviis,
854 2096 959 2159 oblata*
978 2094 1106 2173 Capito-

53 2190 111 2270 liis,
135 2193 245 2257 collata
267 2195 374 2259 rostris
397 2194 435 2259 ad
457 2195 666 2274 spectaculum
682 2203 886 2276 ornatumque
909 2199 1106 2275 congereret,

52 2310 87 2353 ac
113 2296 276 2374 septimum
305 2294 496 2361 consulatum
519 2313 589 2359 cum
612 2296 710 2361 Cinna
730 2298 854 2362 tertium
877 2294 1007 2359 consule
1028 2310 1105 2373 par-

53 2396 182 2457 vasisset
209 2396 241 2459 in
268 2395 396 2461 exordio
425 2396 595 2461 consularis
621 2399 743 2477 imperii
769 2414 838 2460 sera
862 2395 985 2459 taudem
1008 2399 1107 2459 morte

52 2502 231 2575 praereptus
265 2504 319 2560 est.
382 2495 479 2559 Cinna
511 2496 663 2559 bonorum
695 2514 790 2559 neces
829 2496 976 2561 malorum
1010 2492 1106 2555 caede

53 2596 212 2676 supplerit.
256 2597 331 2663 Nam
365 2614 434 2659 cum
464 2594 638 2661 introducta
667 2614 724 2675 per
750 2594 878 2662 Marium
905 2594 1106 2677 fugitivorum

53 2714 160 2762 manus
182 2698 364 2765 insatiabilis
384 2696 551 2778 praedandi
573 2703 670 2775 esset,
697 2696 878 2778 nullamque
902 2703 1018 2778 partam
1043 2714 1105 2758 aa·

54 2798 189 2863 uocibus
216 2800 347 2879 praedae
375 2798 555 2863 consulibus
582 2799 784 2875 ministraret,
817 2800 849 2864 in
883 2796 985 2861 sorum
1019 2798 1108 2876 quasi

53 2898 199 2978 stipendii
232 2916 324 2964 causa
357 2898 518 2966 sollicitata
551 2898 762 2981 militibusque
789 2899 985 2977 circumdata,
1016 2894 1106 2974 [346]

54 2998 180 3063 inermis
203 3002 352 3065 exstincta
382 3006 436 3066 est.
482 2998 578 3066 Caesa
604 3007 677 3067 sunt
703 2999 756 3066 illa
782 3000 835 3067 die
862 3000 894 3066 iu
922 2999 991 3066 loro
1016 2999 1107 3063 Urbis

54 3106 123 3163 octo
146 3100 241 3164 millia
267 3099 483 3182 lugitivorum:
515 3100 662 3181 idemque
689 3100 801 3178 Cinna,
829 3111 973 3180 qiuartum
998 3100 1107 3165 consul

55 3199 91 3263 ab
113 3201 332 3267 exercitasse
354 3198 536 3267 interiectus
558 3206 613 3266 est.

390 3385 589 3521 bunut
639 3327 777 3491 XX.

76 3570 253 3653 Quomodo
275 3570 375 3643 Sulla
403 3594 426 3643 a
451 3573 674 3641 senatoribus
699 3576 883 3644 revocatus
905 3570 1016 3660 fucrit
1040 3578 1087 3642 ud

75 3674 346 3743 antecedendum
365 3676 523 3763 perditae
541 3677 695 3760 nobiae,
724 3694 880 3764 quosque
906 3678 982 3761 ipse
1009 3695 1087 3742 cum

441 3778 518 3845 auis
538 3777 721 3864 aubeqerii.

139 3914 263 3979 Interea
284 3918 401 3980 residui
422 3926 609 3996 senatorum,
633 3918 686 3997 qui
699 3917 866 3996 potentiam
880 3913 1006 3993 Cinnae,
1022 3914 1108 3977 llarii

58 4014 280 4095 crudelitatem,
303 4017 452 4081 insaniam
466 4017 627 4094 Fimbriae,
645 4015 836 4094 Sertoriique
858 4012 1016 4078 audaciam
1038 4015 1104 4094 mgr
