2634 4434
689 327 763 396 246

200 581 238 628 eo
254 562 452 639 Christianos,
467 562 498 625 id
514 570 562 624 est
576 570 716 641 unctum,
737 572 830 644 atque
854 580 893 624 ex
915 578 954 624 eo
977 570 1097 641 unctos,
1120 565 1159 625 de
1185 583 1254 627 me·
1283 617 1290 638 „

197 668 304 729 ritoria
326 664 469 740 taberna,
493 663 551 725 boc
573 672 635 726 est:
661 666 699 728 de
722 665 839 745 hospita
862 664 1009 744 largaque
1031 663 1172 726 Ecclesia
1197 667 1253 728 ad-

196 767 330 830 buenter
360 771 453 845 atque
479 765 705 828 incessabiliter
732 781 947 854 processuros,
981 766 1255 846 restituendosque

196 885 253 950 per
275 866 435 928 Caesarem
458 883 565 928 omnes
586 883 709 946 servos,
738 869 791 948 qui
814 874 917 928 tamen
938 873 1163 946 cognoscerent
1186 867 1254 928 Do-

196 970 314 1030 minum
336 984 441 1044 suum,
469 974 670 1048 ceterosque,
701 969 754 1049 qui
783 969 851 1030 sine
880 967 1003 1028 domino
1026 967 1253 1045 invenirentur,

197 1069 288 1131 morti
317 1067 531 1148 supplicioque
558 1067 735 1146 dedendos,
762 1069 1008 1146 remittendaque
1035 1067 1093 1129 sub
1122 1067 1254 1130 Caesare

198 1170 301 1259 debita
323 1175 518 1249 peccatorum
536 1167 568 1229 in
584 1187 620 1231 ea
636 1169 729 1246 Urbe,
753 1171 784 1230 in
807 1186 867 1249 qua
889 1175 1090 1249 spontaneum
1113 1168 1254 1231 fluxisset

196 1272 312 1347 oleum,
335 1270 565 1333 evidentissima
587 1271 646 1356 bis,
674 1272 729 1350 qui
750 1270 967 1350 Prophetarum
988 1285 1082 1332 voees
1105 1287 1167 1331 non
1191 1289 1264 1352 4444-μ

197 1372 338 1448 diabaut‚
367 1371 454 1451 signa
483 1372 515 1430 in
543 1371 631 1431 coelo
662 1377 693 1432 et
720 1372 751 1431 in
780 1378 860 1433 terra
883 1370 1021 1452 prodigia
1043 1371 1251 1450 prodiderunt.

196 1471 299 1532 'sertio
322 1477 441 1547 autem,
464 1488 533 1531 curn
557 1470 669 1533 Urbem
693 1471 881 1552 triumphans
904 1473 1043 1551 quintum
1066 1471 1176 1532 consul
1199 1457 1251 1534 inss

196 1589 322 1655 gressus
344 1577 401 1647 est,
425 1587 463 1631 eo
484 1572 604 1633 scilicet
625 1572 686 1650 die,
711 1591 801 1653 quem
818 1589 908 1652 supra
924 1573 1160 1649 nominavimus,
1183 1591 1251 1634 eum

197 1681 228 1736 et
242 1671 351 1734 danum
374 1679 443 1752 post
465 1672 614 1735 ducentos
635 1691 733 1735 annos
755 1674 884 1753 primum
908 1673 1106 1752 ipse‘oiausit
1129 1681 1159 1734 et
1183 1674 1251 1734 cla-

195 1775 349 1836 rissimum
372 1773 447 1834 iilud
469 1773 602 1855 Augusti
625 1792 738 1837 nomen
760 1771 1046 1854 adsumpsitfquid
1073 1773 1195 1836 fidelius
1217 1793 1251 1835 ac

196 1876 302 1937 uerius
325 1874 410 1935 credi
432 1881 484 1935 aut
506 1876 652 1956 cognosci
675 1881 789 1955 potest,
813 1854 1069 1936 concurrentibus
1084 1875 1121 1936 ad
1138 1881 1249 1936 tantam

197 1973 488 2052 manifestationem,
516 1993 609 2054 pace,
640 1977 781 2052 nomine,
809 1976 877 2053 die,
906 1995 996 2056 quam
1023 1975 1106 2036 hunc
1129 1974 1250 2036 occulto

195 2076 319 2156 quidem
342 2083 497 2156 gestorum
521 2076 629 2137 ordine
652 2076 689 2137 ad
713 2076 895 2156 obsequium
918 2077 1157 2158 praeparationis
1184 2079 1251 2157 ejus

194 2176 453 2256 praedestinatum
476 2175 588 2238 fuisse:
618 2177 671 2255 qui
695 2193 733 2238 ec
755 2177 821 2254 die,
850 2195 911 2258 quo
934 2178 987 2240 ille
1010 2176 1253 2239 manifestandus

195 2278 309 2338 mundo
331 2284 399 2356 post
425 2277 581 2356 paululum
613 2285 693 2353 erat,
722 2285 754 2339 et
778 2280 862 2357 pacis
889 2281 1010 2360 signum
1034 2277 1197 2358 praetulit,
1221 2285 1251 2338 et

193 2378 352 2458 potestatis
372 2393 485 2439 nomen
508 2378 696 2456 adsumpsit?
724 2380 804 2452 Quid
826 2386 928 2441 autem
951 2381 983 2441 in
1007 2386 1114 2459 quarto
1137 2378 1249 2454 reditu,

194 2493 263 2540 cum
290 2475 376 2540 finito
405 2477 586 2551 Cantabrico
613 2477 696 2541 bello
730 2481 907 2560 pacatisque
935 2475 1075 2542 omnibus
1103 2478 1250 2560 gentibus

194 2578 306 2641 Caesar
327 2579 440 2640 Urbem
463 2580 596 2659 repetiit,
620 2581 657 2641 ad
681 2581 935 2642 contestationem
959 2579 1042 2658 fidei,
1072 2599 1162 2660 quam
1188 2597 1247 2640 ex-

192 2681 369 2759 promimus,
392 2686 493 2742 ectum
515 2681 566 2757 sit,
589 2681 655 2760 ipso
679 2680 787 2742 ordine
811 2682 919 2744 melius
942 2675 1137 2782 proferetur}

192 2964 279 3048 [444]
534 2931 727 3070 Caput
777 2932 903 3042 xxi.

233 3132 368 3203 Caesar
389 3136 556 3220 quomodo
577 3135 772 3221 Hispanias
793 3141 984 3226 inpressas,
1007 3135 1204 3206 Cantabros

232 3237 451 3322 uictoresque
482 3237 612 3304 vicerit.
654 3239 800 3308 Drusus
833 3261 920 3327 quoa
948 3243 985 3306 ia
1013 3237 1203 3307 Germania

265 3339 441 3424 subegerit
465 3343 499 3403 et
520 3336 655 3406 Caesae
676 3343 712 3407 in
732 3339 868 3426 Africa,
890 3344 1000 3426 deque
1025 3339 1168 3421 Tiberii,

381 3438 534 3520 Quintilii
561 3438 657 3507 Varii
684 3446 720 3508 et
739 3442 914 3530 Agrippae
932 3444 1050 3528 pectis.

264 3593 364 3655 ‘Anna
379 3594 424 3654 -ab
447 3593 528 3656 Urbe
551 3596 673 3658 condita
695 3596 875 3660 cccxxvi.
898 3598 1082 3677 imperatore
1102 3598 1244 3679 Augusto

188 3695 319 3757 Caesare
341 3697 444 3757 sexies
467 3702 499 3756 et
519 3695 567 3756 bis
593 3694 629 3757 Μ.
658 3693 793 3776 Agrippa
821 3697 1015 3775 consulibus,
1043 3697 1157 3759 Caesar
1184 3716 1242 3777 pa-

185 3812 254 3855 rum
277 3797 308 3855 in
331 3794 474 3874 Hispania
496 3813 552 3874 per
574 3795 722 3856 ducentos
745 3811 842 3856 annos
864 3805 964 3858 actum
993 3797 1190 3879 intelligens,
1219 3799 1243 3858 si

27 3944 31 3951 .
116 3911 145 3929 υ
188 3892 354 3953 Cantabros
369 3901 462 3973 atque
479 3881 715 3972 Astures,'duas
738 3892 918 3958 fortissimas
933 3897 1098 3977 Hispaniae
1120 3885 1248 3979 gentes,¹

72 3987 87 4031 't
187 3989 251 4050 sois
272 3991 318 4050 uti
340 3991 461 4070 legibus
483 3994 614 4071 sineret,
636 3995 757 4072 aperuit
778 3993 847 4058 Jani
869 3982 986 4076 portas,
1009 4005 1103 4077 atque
1126 3999 1160 4060 in
1182 3997 1242 4059 Hi-
