2634 4434
550 313 600 386 59

57 555 218 628 opportuna
252 548 334 611 hello
367 549 433 612 loca
467 550 636 630 occupavit.
680 549 800 613 Deinde
832 548 952 613 duohus
978 553 1101 632 praeliis

56 648 166 726 victus,
199 667 258 710 nec
286 651 426 728 territus,
458 651 549 713 tertio
576 667 746 731 congressu
772 650 954 713 Lamachum
978 654 1101 729 oceidit,

54 746 153 810 hostes
182 751 214 811 iu
243 749 345 834 lugam
373 753 482 829 vertit,
510 751 611 820 socios
639 751 811 816 obsidionex
829 751 980 815 liberavit,
1023 752 1102 814 ilinc

53 847 272 928 Athenienses,
309 853 448 914 terrestri
484 853 599 934 praelio
635 853 726 931 victi,
764 852 974 934 experimenta
1010 854 1102 915 maris

52 947 172 1026 ineunt,
200 956 231 1012 et
254 951 354 1014 navali
377 954 544 1016 certamine
567 953 714 1036 congredi
737 961 857 1035 parent,
881 971 943 1034 quo
966 955 1101 1034 cognito,

52 1047 194 1130 Gylippus
230 1051 358 1113 classem
395 1053 572 1116 instructam
609 1074 626 1117 a
662 1054 913 1117 Lacedaemoniis
953 1055 1098 1117 accersit:

50 1167 147 1228 aeque
170 1152 378 1216 Athenienses
400 1155 432 1216 in
460 1155 561 1218 locum
590 1156 695 1219 amissi
725 1155 829 1231 ducis,
861 1155 1100 1216 Demosthenem

50 1257 78 1310 et
98 1249 327 1333 Eurymedonta
350 1273 419 1316 cum
441 1255 654 1334 supplemento
677 1257 833 1336 copiarum
861 1256 994 1316 mittunt.
1038 1255 1101 1317 Pe-

48 1348 220 1429 loponnesii
254 1371 395 1435 quoque,
429 1374 499 1418 cum
533 1355 697 1420 multarum
728 1356 850 1419 urhium
882 1371 1037 1418 consensu
1069 1361 1102 1416 et

49 1448 189 1527 decreto,
226 1455 362 1534 ingentia
401 1455 600 1538 Syracusanis
633 1457 748 1520 auxilia
779 1457 900 1518 misere.
964 1455 1009 1518 lta
1041 1455 1100 1518 suh

46 1553 151 1628 specie
189 1553 325 1616 socialis
348 1555 422 1618 belli
459 1557 642 1618 domesticos
676 1563 775 1618 motus
807 1563 1035 1634 exsequuntur,
1068 1562 1101 1618 ct

47 1651 132 1730 quasi
162 1652 275 1732 placito
303 1653 341 1716 de
367 1652 497 1742 ¹Graecia
524 1655 701 1716 translatum
729 1662 884 1716 certamen
910 1656 941 1716 in
965 1655 1101 1716 Siciliam

47 1750 155 1830 luerit,
193 1753 238 1814 sie
271 1772 311 1816 ex
345 1761 475 1834 utraque
507 1761 593 1834 parte
625 1756 752 1816 summis
782 1753 900 1816 uiribus
931 1753 1101 1816 dimicatur.

46 1849 142 1932 Igitur
171 1851 379 1916 Athenienses
406 1856 501 1934 prima
533 1855 753 1935 congressione
785 1855 970 1930 vincuntur,
1002 1861 1100 1916 eastra

47 1969 172 2034 quoque
194 1972 263 2016 cum
287 1956 370 2018 omni
392 1957 522 2036 pecunia
544 1954 594 2019 vel
616 1954 739 2034 publica
761 1953 812 2016 vel
833 1955 960 2034 privata,
984 1961 1099 2018 etcum

46 2055 192 2116 universo
214 2055 366 2118 instructu
388 2056 551 2134 diuturnae
579 2056 783 2135 expeditionis
810 2055 968 2130 amittunt3
996 2054 1101 2118 trectis

46 2155 155 2232 opihus
179 2162 210 2216 et
231 2157 263 2218 in
285 2164 448 2238 angustum
470 2158 614 2238 redactis,
633 2157 744 2219 suadet
764 2155 999 2232 Demosthenes,
1027 2157 1100 2218 dum

47 2271 105 2316 nou
130 2258 257 2320 omnino
278 2275 329 2320 res
350 2259 489 2338 perditae
502 2259 575 2336 siut,
591 2256 760 2338 quemlihet
773 2256 937 2318 videantur
949 2254 1100 2334 adflictae,
1177 2291 1180 2294 >

46 2355 170 2418 domum
185 2357 323 2438 redeant,
340 2359 506 2438 Siciliaque
528 2352 825 2422 decedantttttctus
847 2364 960 2432 antem,
982 2357 1100 2436 pudore

47 2457 124 2521 male
147 2464 302 2540 gestarum
324 2477 427 2520 rerum
450 2459 487 2522 ab
511 2459 599 2522 initio
619 2457 811 2538 desperatior
822 2455 971 2532 redditus,
993 2475 1100 2517 rema-

46 2575 121 2621 nere
151 2559 317 2623 contendit.
360 2557 514 2637 Repetunt
540 2557 649 2620 navale
677 2563 848 2620 commen:
883 2561 915 2617 ct
947 2571 1018 2617 mox
1044 2573 1102 2636 per

46 2659 198 2723 inscitiam
221 2661 253 2720 in
275 2659 431 2740 angustias
454 2657 638 2739 Syracusani
661 2658 752 2719 maris
778 2655 913 2732 deducti,
935 2656 989 2717 in·
1012 2651 1099 2738 [127]

45 2759 133 2824 sidiis
166 2759 298 2822 hostium
331 2760 623 2824 circumveniuntur.
667 2757 864 2837 Eurymedon
893 2756 956 2818 dux
983 2757 1101 2834 primus

46 2862 211 2924 occiditur:
244 2861 387 2926 undecim
420 2877 516 2922 noves
549 2857 765 2924 incenduntur.
814 2855 1037 2920 Demosthenes
1068 2861 1101 2916 et

44 2960 148 3024 Nicias
171 2962 300 3024 classem
330 2961 501 3038 dimittunt,
529 2961 616 3042 quasi
639 2959 735 3022 tutius
757 2965 881 3020 terrena
902 2956 1101 3037 expeditione

44 3060 184 3144 fugituri
234 3061 380 3145 Gylippus
412 3070 515 3127 autem
549 3063 678 3142 primum
712 3076 807 3122 nares
839 3075 945 3146 eorum
976 3057 1101 3119 relictas

44 3171 170 3226 eentum
203 3165 328 3246 triginta
361 3165 492 3228 invadit:
527 3162 639 3225 dehinc
666 3161 749 3240 ipsos
776 3157 933 3238 fugientes
955 3156 1100 3237 persequi

43 3265 227 3346 adgressus,
262 3269 342 3346 cepit
368 3266 532 3345 caeditque
559 3279 649 3343 quam
679 3259 833 3338 plurimos.
875 3256 1100 3320 Demosthenes

42 3366 183 3428 dedecus
210 3366 366 3428 servitulis
394 3364 566 3426 uoluntmia
594 3367 693 3423 morte
720 3358 867 3432 declinam
895 3356 997 3419 Nicias
1024 3374 1100 3422 vero

43 3465 203 3548 indiguam
241 3475 423 3547 turpemque
459 3465 552 3527 vitam
588 3460 743 3526 dedecore
779 3458 963 3539 captiuitatis
998 3459 1098 3520 aderr-

44 3569 148 3629 mulal.
