2634 4434
579 325 655 398 13'
739 335 743 343 '

73 568 207 639 rentem,
229 561 362 642 spatioso
385 562 550 626 intervallo
573 562 681 643 procul
702 569 856 643 spectant:
879 563 919 626 ab
940 581 979 628 ao
1001 569 1126 647 praeci·

70 681 134 743 pue
162 663 385 742 promontorio,
413 663 467 724 ubi
490 661 609 726 Scenae
630 661 766 726 fluminis
787 664 901 726 ostium
922 671 985 742 cst,
1006 675 1038 729 et
1059 668 1125 731 lle·

71 765 150 824 labri
172 762 351 841 Luceniq'ue
373 763 554 826 consistunt.
591 763 676 828 llaec
696 765 822 845 propior
842 763 1033 844 Britanniae,
1052 785 1127 851 spa-

73 864 116 924 tio
140 870 288 925 terrarum
312 864 490 945 angustior:
519 865 575 928 sed
601 865 682 928 cccli
709 858 830 946 solique
853 851 1006 946 temperie
1023 871 1129 951 -mqia

72 958 174 1046 utilis,
200 981 218 1025 a
247 963 407 1026 Scotorum
435 964 580 1046 gentibus
609 964 729 1028 colitur.
772 964 853 1028 lluic
872 968 966 1029 etiam
987 966 1129 1033 Mevania

72 1065 175 1128 insula
201 1064 338 1143 proxima
363 1072 428 1142 est,
457 1073 488 1128 ct
516 1067 581 1147 ipsa
608 1065 707 1146 spatio
733 1082 796 1126 non
816 1083 925 1145 parva,
943 1067 1015 1133 ‚solo
1036 1085 1128 1132 corn·

71 1166 179 1242 modo,
212 1181 312 1244 aeque
345 1185 363 1228 a
396 1165 557 1230 Scotorum
589 1165 735 1248 gentibus
768 1160 930 1228 habitatur.
987 1167 1025 1230 lli
1056 1179 1130 1234 sunt

70 1266 150 1328 lines
172 1266 267 1327 totius
289 1263 437 1346 Europae.
484 1266 630 1346 Africam,
653 1265 785 1344 uldini,
807 1284 878 1328 cum
902 1267 1023 1330 tertiam
1044 1269 1129 1336 erbis

70 1374 190 1447 partem
215 1367 347 1447 majores
360 1365 462 1430 Nostri
483 1367 694 1449 accipiendam
716 1367 946 1448 descripserint,
967 1385 1031 1431 non
1051 1388 1147 1452 apa-¹

70 1469 185 1529 tiorum
201 1483 370 1542 mensuras,
392 1467 448 1530 sed
463 1466 649 1546 divisionum
671 1469 808 1532 rationes
828 1469 927 1532 secuti
949 1476 1031 1531 sunt.
1060 1466 1127 1554 [29]

70 1566 157 1630 blare
179 1567 239 1628 hoc
265 1567 417 1645 siquidem
444 1566 603 1649 Magnum,
633 1565 718 1648 quod
744 1568 783 1630 ab
804 1585 918 1631 occasu
939 1587 981 1631 ex
1001 1569 1128 1635 Oceano

70 1671 187 1743 oritur,
217 1667 251 1727 in
278 1665 437 1726 meridiem
465 1669 561 1747 magis
588 1683 740 1747 vergens,
761 1671 970 1748 angustiorem
991 1672 1073 1733 inter
1093 1690 1129 1736 ae

71 1775 105 1830 et
127 1767 286 1829 Oceanum
316 1771 469 1829 coartatae
490 1764 616 1827 Africae
642 1765 771 1828 limitem
799 1765 880 1829 lacit
924 1767 1012 1830 Unde
1038 1773 1129 1834 etiarn
1239 1766 1241 1772 ’

70 1869 184 1949 aliqui,
212 1867 352 1947 quamvis
374 1885 441 1928 eam
465 1866 658 1947 longitudine
680 1883 800 1946 parem,
824 1875 926 1930 tamma
948 1869 1045 1954 multo
1065 1888 1127 1934 aa·

70 1970 241 2050 gusticrem
265 1967 491 2050 intelligentes,
520 1968 764 2035 inverecundum
792 1969 931 2032 arbitrati
960 1977 1033 2033 suut
1058 1978 1127 2035 ter·

71 2070 146 2130 tiam
168 2085 280 2130 vocare
302 2075 435 2148 partem,
464 2067 520 2131 sed
548 2055 649 2148 potius
677 2069 709 2128 in
731 2061 884 2148 Europam
905 2069 1043 2134 Africam
1065 2050 1127 2136 de·
1231 2128 1234 2132 .

72 2175 231 2249 putanteS,
255 2168 410 2236 secundae
432 2170 603 2253 portionem
627 2168 782 2248 appellare
804 2168 987 2233 maluerunt.
1031 2171 1127 2234 Prae-

73 2278 159 2331 teren
188 2287 256 2330 cum
286 2267 382 2330 multo
408 2267 537 2348 amplius
564 2275 666 2338 terrae
694 2269 727 2330 in
755 2266 861 2331 Africa
892 2269 1003 2332 ardore
1037 2272 1129 2350 Solis,

74 2388 164 2449 quam
188 2372 219 2430 in
235 2368 355 2448 Europa
376 2371 480 2451 rigore
502 2368 626 2451 frigoris
649 2367 798 2431 incultum
821 2375 915 2448 atque
937 2371 1129 2451 incognitum

77 2472 116 2532 sit
139 2471 269 2550 (quippe
293 2487 362 2530 cum
389 2471 490 2529 omnia
516 2487 616 2548 paene
645 2469 810 2529 animantia
837 2468 888 2528 vel
914 2471 1130 2550 germinantia,

74 2571 242 2654 patientius
271 2575 303 2630 ct
335 2567 525 2630 tolerabilius
552 2566 596 2628 ad
628 2584 779 2628 summum
812 2565 936 2648 frigoris
968 2585 1059 2648 quam
1092 2571 1161 2633 ad

75 2689 226 2734 summum
250 2668 360 2731 coloris
382 2666 545 2740 accedant)
570 2687 606 2730 ea
634 2667 755 2730 seilicet
782 2684 874 2730 causa
902 2676 966 2747 est,
993 2668 1130 2735 Africam

75 2789 130 2852 per
153 2771 254 2832 omnia
274 2770 338 2852 situ
360 2775 391 2830 et
413 2767 532 2848 populis
556 2769 705 2831 minorem
726 2768 842 2830 videri:
873 2771 946 2849 quia
969 2777 1001 2832 et
1022 2779 1131 2835 natura

75 2873 123 2934 sui
146 2873 248 2933 miuus
269 2869 382 2932 lrabeat
403 2870 509 2950 spatii,
532 2876 564 2932 et
586 2868 666 2932 coeli
688 2868 886 2952 inclementia
908 2869 976 2951 plus
998 2871 1128 2935 deserti:

75 2974 165 3054 cujus
188 2971 351 3052 descriptio
373 2989 429 3054 per
450 2970 623 3051 provincias
646 2978 678 3032 et
702 2977 815 3053 gentes
841 2970 918 3033 baec
945 2977 1007 3033 est:
1034 2970 1132 3054 Libya

75 3072 244 3156 Cyrenaica
268 3078 299 3133 et
320 3071 510 3154 Pentapolis,
543 3078 612 3151 post
639 3071 815 3153 Aegyptum
843 3073 876 3132 in
898 3078 984 3153 parte
1005 3071 1131 3135 Africae

75 3177 173 3256 prima
197 3179 251 3235 est.
295 3169 378 3234 Haec
399 3172 547 3253 incipite
575 3155 700 3234 civitate
727 3172 924 3247 Paraetonio,
954 3177 986 3232 et
1013 3173 1131 3234 monti·

36 3325 41 3337 .
76 3276 133 3338 bus
158 3271 390 3336 Catabathmon:
415 3273 487 3336 inde
509 3273 645 3336 secundo
674 3273 751 3334 mari
777 3288 878 3350 usque
905 3270 944 3332 ad
970 3288 1038 3333 aras
1066 3268 1131 3356 [30]

75 3373 272 3438 Philenorum
301 3373 486 3459 extenditur.
529 3373 599 3435 Post
619 3389 655 3434 se
676 3370 770 3433 babet
792 3387 891 3451 usque
913 3370 952 3434 ad
974 3371 1132 3437 Oceanum

75 3473 296 3554 meridianum,
329 3479 440 3556 gentes
471 3471 604 3552 Libyae,
637 3469 822 3554 Aethiopum
850 3479 883 3535 et
908 3470 1132 3556 Garamantum.

74 3576 156 3638 Huic
179 3581 226 3638 est
247 3575 285 3637 ab
308 3576 429 3637 oriente
451 3571 626 3655 Aegyptum
654 3592 672 3636 a
694 3573 904 3655 septentrione
926 3593 1011 3638 mare
1027 3575 1131 3654 -Liby-

74 3695 159 3758 cum,
181 3675 219 3738 ab
243 3693 354 3738 occasu
370 3673 475 3756 Syrtes
490 3676 621 3757 majores
641 3681 675 3738 et
687 3674 903 3758 Troglodytae,
925 3681 1031 3738 contra
1054 3689 1132 3753 quos

76 3777 178 3840 insula
202 3775 330 3859 Calypso
353 3783 415 3839 est:
447 3777 615 3839 ameridle
638 3775 840 3856 Aethiopicus
862 3775 1013 3838 Oceanus.
1056 3771 1130 3835 'lri-

75 3879 212 3960 politana
239 3878 414 3960 provincia,
442 3895 522 3959 quoe
551 3883 582 3940 et
605 3871 819 3954 subventana,
842 3875 893 3937 vel
915 3871 1002 3952 regio
1024 3871 1131 3936 Arzu-

74 3997 149 4062 gum
173 3980 301 4061 dicitur,
330 3979 383 4042 ubi
409 3979 513 4059 Leptis
539 3993 649 4057 magna
677 3975 786 4040 civitas
814 3978 876 4060 est,
903 3973 1043 4052 quamvis
1065 3974 1130 4036 nr-

962 4089 980 4137 2
