2634 4434
530 297 542 314 ’
563 334 637 405 305

68 581 120 636 cst
148 574 186 635 ad
213 579 351 633 nostrum
381 570 533 650 dolorem,
564 573 723 654 magisque
751 570 911 648 miserum,
940 587 1000 651 quo
1030 572 1126 654 magis

66 692 198 736 novum.
245 671 305 734 Sed
328 672 400 752 quid
423 671 482 734 hoc
504 673 541 735 ad
572 672 812 735 consolationem
841 670 960 752 prolicit
984 689 1125 754 pagano-

65 794 156 852 rum,
179 774 233 854 qui
255 772 351 853 palam
374 774 550 852 pervident,
573 775 658 836 etin
681 773 728 835 his
751 789 875 853 quoque
897 780 1126 852 persecutorem

65 875 278 938 Ecclesiarum
301 872 398 936 luisse
420 875 581 953 punitum?
620 874 704 937 Unus
719 874 803 936 Deus
820 892 909 935 unam
926 872 1016 935 fidem
1040 868 1126 953 [554]

66 976 211 1051 tradidit,
238 993 329 1036 unam
352 972 520 1037 Ecclesiam
543 983 607 1038 toto
630 976 706 1037 orbe
729 975 864 1052 diffudit,
885 974 965 1035 hanc
987 973 1126 1053 adspicit,

65 1075 150 1138 hanc
172 1075 282 1156 diligit,
304 1075 384 1137 hanc
405 1075 551 1137 defendit.
589 1076 734 1149 Quolibet
755 1093 824 1138 sese
848 1076 979 1154 quisque
1002 1074 1127 1136 nomine

66 1184 165 1258 tegat,
188 1175 308 1237 sihuic
330 1193 391 1236 non
406 1177 551 1253 sociatur,
574 1176 709 1238 alienus:
734 1176 760 1238 si
775 1175 854 1238 hanc
869 1177 1036 1256 impugnat,
1059 1174 1125 1235 ini·

68 1280 169 1340 micus
202 1283 256 1338 cst.
301 1276 505 1339 Consolentur
533 1295 568 1341 se
595 1276 744 1358 gentiles,
773 1277 804 1337 in
834 1284 979 1356 quantum
1007 1274 1125 1351 volunt,

67 1378 259 1440 ludaeorum
291 1375 580 1458 haereticorumque
611 1377 782 1459 suppliciis:
817 1383 933 1439 tantum
967 1384 999 1438 et
1030 1394 1125 1437 unum

67 1480 170 1541 Deum
195 1496 281 1555 esse,
310 1483 341 1538 ct
362 1478 504 1539 eumdem
525 1495 724 1558 personarum
747 1485 937 1558 acceptorem
961 1494 1022 1538 non
1045 1493 1125 1554 esse,

67 1580 122 1641 vel
145 1598 184 1639 ex
206 1578 263 1640 hac
285 1579 474 1658 potissimum
497 1578 634 1641 Valentis
663 1580 807 1640 exstincti
835 1578 1013 1657 probatione
1040 1576 1124 1638 fate-

68 1687 169 1742 antur.
215 1678 305 1742 Gothi
327 1686 416 1740 antea
438 1696 494 1758 per
516 1678 632 1760 legatos
660 1680 813 1759 supplices
842 1684 1062 1758 poposcerunt,
1091 1685 1126 1739 ut

69 1780 132 1842 illis
147 1778 300 1861 Episcopi,
323 1799 340 1842 a
364 1779 476 1860 quibus
498 1779 636 1861 regulam
654 1779 844 1842 Christianae
866 1777 937 1840 fidei
960 1778 1125 1856 discerent,

69 1883 273 1943 mitterentur.
319 1881 431 1942 Valens
453 1878 621 1960 lmperator
641 1879 792 1942 exitiabili
813 1880 962 1960 pravitate
984 1881 1125 1942 doctores

68 1982 178 2044 Ariani
194 1982 342 2063 dogmatis
358 1981 446 2043 misit.
484 1979 575 2045 Gothi
590 1982 706 2062 primae
721 1981 793 2044 fidei
808 1980 1025 2059 rudimentum,
1042 1981 1125 2061 quod

69 2101 235 2163 accepere,
263 2089 437 2146 tenuerunt.
482 2082 589 2165 ltaque
614 2085 696 2165 justo
725 2083 783 2145 Dei
811 2081 930 2164 judicio
962 2083 1019 2162 ipsi
1053 2101 1124 2144 eum

68 2185 174 2245 vivum
204 2185 424 2261 incenderunt,
458 2186 511 2263 qui
544 2191 669 2264 propter
697 2203 767 2246 eum
797 2185 889 2245 etiam
912 2185 1023 2244 mortui
1049 2184 1125 2244 vitio

68 2287 184 2347 erroris
205 2286 304 2348 arsuri
325 2290 424 2346 sunt..
465 2316 470 2321 -

378 2531 576 2674 daput
626 2534 825 2643 lllllllll.

115 2736 311 2806 Gratianus
332 2738 528 2825 Imperator
549 2746 680 2828 quanto
698 2743 885 2825 pratdetttio
904 2743 1084 2828 ,imperium

113 2843 259 2908 reacert‘t.
298 2841 516 2910 Theodosius
532 2841 667 2909 Orienti
682 2846 715 2907 cl
730 2842 903 2910 Thraciae
923 2846 1084 2926 imperat:

337 2948 447 3030 deque
467 2945 618 3012 Arcadio
642 2949 676 3010 el
694 2945 865 3013 Maximo.

158 3098 249 3161 Anno
272 3101 309 3161 ah
333 3101 414 3162 Urbe
437 3103 558 3164 condita
581 3101 755 3164 thXXXll.
783 3100 959 3176 Gratianus,
990 3102 1126 3180 quadra-

72 3199 210 3279 gesimus
231 3201 270 3262 ab
293 3201 450 3282 Augusto,
477 3209 545 3280 post
567 3209 694 3264 mortem
716 3200 853 3264 Valentis
876 3219 931 3262 sex
953 3203 1040 3262 annis
1063 3202 1126 3262 im-

74 3300 193 3377 perium
224 3304 339 3379 tenuit,
369 3302 510 3382 quamvis
528 3303 705 3384 jamdudum
728 3310 817 3364 antea
840 3320 908 3363 cum
931 3309 1040 3381 patruo
1060 3289 1127 3362 Va·

75 3398 161 3461 lente
183 3409 304 3465 etcum
328 3403 544 3464 Valentiniano
566 3395 659 3465 fratrc
680 3411 840 3484 regnaret:
873 3404 926 3482 qui
949 3421 1017 3463 cum
1042 3399 1127 3484 [555]

75 3499 228 3564 addictum
259 3523 294 3565 ac
321 3522 420 3583 paene
448 3503 613 3583 collapsum
641 3504 829 3583 reipublicae
859 3512 969 3566 statum
999 3506 1128 3578 videret,

77 3602 182 3663 eadem
210 3605 402 3684 provisione,
432 3623 492 3684 qua
519 3605 672 3684 quondam
702 3605 940 3686 legeratNerva
962 3604 1127 3681 Hispanum

77 3704 175 3764 virum
198 3703 376 3784 Trajanum,
404 3723 459 3785 per
487 3723 577 3786 quem
605 3704 778 3785 respublica
807 3709 945 3784 reparata
969 3709 1030 3778 est,
1053 3702 1129 3782 legit

78 3811 109 3866 et
124 3806 189 3884 ipse
204 3805 407 3868 Theodosium
423 3825 523 3887 aeque
542 3806 707 3886 Hispanum
730 3809 841 3878 virum,
865 3809 896 3862 et
918 3801 1129 3864 restituendae

77 3905 265 3984 reipublicae
281 3909 465 3970 necessitate
480 3908 560 3986 apud
577 3908 718 3970 Sirmium
736 3920 868 3984 purpura
884 3899 992 3977 induit,
1012 3900 1128 3962 Orien-

80 4007 180 4088 tisque
208 4014 241 4069 et
269 4006 416 4070 Thraciae
441 4006 532 4069 simul
559 4005 708 4085 praefecit
735 4003 877 4083 imperio:
911 4002 944 4063 in
970 3999 1029 4063 hoc
1056 4018 1130 4063 usus
