2634 4434
693 320 764 389 194

624 419 830 435 *νῇ-Ι·-

199 559 382 642 speratioue
406 563 580 639 correptus,
613 558 669 624 ubi
694 576 713 621 a
738 556 883 622 Lucretio
909 553 1127 635 obsidebatur,
1156 573 1198 619 ne
1224 558 1252 619 ir

200 677 307 721 manus
329 658 489 721 incederet
515 659 726 737 inimicorum,
755 676 824 720 cum
853 656 998 719 Telesino
1026 663 1132 719 mutua
1160 664 1252 720 morte

201 761 363 823 concurrit.
400 760 542 840 Dumque
564 760 731 825 violentius
754 760 820 840 ipse
842 758 875 820 iu
897 764 1132 821 concurrentem
1149 776 1253 820 manus

200 860 311 941 adigit,
345 862 426 923 circa
455 876 543 922 suum
574 860 687 925 vulnus
715 878 838 924 manum
865 857 1068 938 percutientis
1092 856 1254 922 hebetauit.
1307 883 1312 892 ·

153 1010 156 1016 .
200 960 244 1023 lta
272 978 310 1023 eo
337 959 517 1038 interfecto,
544 961 610 1040 ipse
638 961 752 1024 leviter
779 959 958 1022 vulneratus
985 958 1139 1020 cervicem
1167 975 1255 1021 servo
1307 935 1313 1030 Ι

200 1078 257 1123 suo
280 1060 427 1141 maebuit
465 1060 653 1127 Carrinatem
676 1069 848 1142 praetorem
872 1058 956 1124 Sulla
974 1058 1138 1142 jugulavit
1184 1058 1255 1122 lude

148 1174 154 1183 ·
199 1160 365 1228 Praeneste
387 1160 543 1242 proiectus
565 1179 673 1227 omnes
693 1162 848 1226 Marianae
874 1161 1001 1223 militiae
1022 1160 1180 1239 principes
1201 1159 1255 1222 lroc

201 1269 263 1327 est:
287 1262 417 1343 legatae,
440 1269 631 1343 quaestores,
650 1262 824 1343 praelectus
839 1269 871 1325 et
884 1261 1024 1325 tribunos
1032 1261 1128 1341 jussit
1147 1260 1254 1324 occidi.

199 1362 361 1444 Pompeius
384 1362 554 1429 Carbonem
576 1382 596 1429 a
618 1363 749 1429 Cossum
770 1363 872 1428 insula
893 1363 926 1425 ia
947 1361 1125 1443 Aegyptum
1145 1360 1255 1443 lugere

202 1467 380 1540 conantem,
403 1464 436 1527 in
459 1462 594 1529 Siciliam
617 1464 654 1529 ad
676 1458 712 1527 se
733 1455 900 1527 retractum
927 1468 961 1527 et
986 1462 1161 1543 complures
1188 1479 1255 1523 cum

202 1580 240 1625 eo
262 1562 363 1629 socios
385 1566 452 1647 ejus
474 1565 595 1629 occidit.
640 1564 724 1631 Sulla
746 1564 876 1628 dictator
897 1569 1019 1627 creatus
1040 1569 1104 1645 est,
1131 1568 1168 1624 ut
1197 1563 1253 1624 do·

201 1664 377 1731 minationis
404 1672 437 1731 et
464 1663 654 1731 crudelitatis
680 1665 777 1761 libido
803 1665 925 1729 honesti
952 1663 1175 1746 praecipuique
1195 1680 1253 1725 no·
1307 1673 1312 1776 Ι

201 1766 293 1829 minis
317 1766 492 1831 reverentia
520 1774 552 1831 et
578 1774 750 1832 armaretur
776 1774 810 1829 et
833 1765 997 1830 velaretur.
1041 1764 1205 1845 Pompeius
1225 1764 1256 1827 iu

201 1863 337 1929 Africam
360 1873 579 1949 transgressus,
607 1868 770 1949 eruptione
794 1868 876 1933 circa
897 1865 1015 1929 Uticam
1036 1863 1128 1941 lactu,
1149 1865 1256 1927 decen

202 1972 235 2029 et
266 1972 337 2031 cota
369 1966 465 2031 millia
497 1967 654 2033 homiuum
687 1952 852 2033 interfecit
895 1969 966 2041 Quo
993 1966 1077 2031 bello
1105 1966 1257 2030 bonitius

202 2064 265 2129 dux
291 2064 460 2145 Marianus,
489 2068 560 2133 dau
590 2070 674 2133 iuter
697 2069 847 2149 primores
868 2075 1035 2150 repugnat,
1058 2068 1182 2131 occisus
1202 2073 1255 2129 est

201 2163 348 2247 Idemque
375 2168 536 2249 Pompeius
562 2168 699 2235 Hiertam
730 2168 893 2235 Numidiae
924 2187 1031 2251 regem
1064 2175 1256 2249 persecutus,

123 2289 129 2301 ¹
201 2264 413 2347 lugientema
441 2269 568 2352 Bogude
594 2270 708 2335 Bocchi
734 2270 910 2335 llaurorum
931 2272 1015 2351 regis
1042 2269 1105 2333 ilio
1133 2268 1256 2350 spoliari

203 2360 290 2449 [352]
312 2370 454 2435 omnibus
476 2372 572 2451 copiis
594 2370 687 2435 lecit:
718 2390 810 2453 quem
833 2372 982 2436 contiuuo
1003 2371 1121 2434 Bullam
1143 2388 1255 2434 rerer·

202 2482 269 2531 sum
298 2470 409 2535 tradito
435 2471 495 2535 sibi
524 2472 635 2553 oppido
657 2471 822 2537 interiecit.

474 2720 719 2860 „caput
771 2722 930 2837 aaut.

223 2920 405 2991 Dictorum
431 2926 526 2991 velut
551 2928 717 3013 epilopum
744 2930 869 2995 recitet
894 2934 1026 2998 unctor.
1070 2931 1126 2999 De
1147 2952 1235 3003 nooo

425 3026 571 3093 tumultu
591 3046 656 3113 per
676 3028 849 3115 Lepidum
871 3034 1033 3100 excitcto.

288 3177 405 3243 creatis
427 3181 531 3263 itaque
553 3184 584 3246 P.
609 3184 741 3250 Servilio
768 3193 800 3249 et
826 3188 883 3268 Ap.
912 3188 1041 3253 ctaudto
1066 3188 1256 3267 consulibus,

202 3279 287 3342 visus
309 3287 356 3343 est
383 3283 505 3345 tandem
534 3284 617 3349 Sulla
644 3288 789 3366 privatus
832 3287 899 3351 lloc
924 3288 986 3352 fine
1013 3290 1159 3352 conclusa
1186 3296 1258 3353 sunt

194 3373 264 3441 'duo
285 3380 366 3444 bella
388 3380 606 3465 funestissima,
627 3387 745 3451 sociale
764 3388 903 3452 ltalicum
925 3395 958 3453 et
978 3389 1070 3453 civile
1087 3389 1255 3454 Sullanum.

201 3478 285 3543 llaec
306 3498 362 3560 per
383 3499 480 3546 annos
502 3485 609 3548 decem
632 3495 738 3568 tracta,
760 3490 829 3571 plus
851 3508 942 3571 mam
957 3498 1080 3552 centum
1096 3492 1256 3571 quinqua-

201 3580 287 3661 ginta
309 3580 403 3643 millia
417 3581 623 3648 Romanorum
646 3598 892 3668 consumserunt,
914 3598 1095 3672 tantumque
1117 3592 1257 3653 lectissi-

201 3696 329 3743 morum
342 3683 476 3747 virorum
499 3688 800 3768 vernaculorumque
821 3691 952 3753 militurn
974 3690 1069 3758 Roma
1090 3690 1151 3753 boc
1173 3688 1259 3753 ciuili

201 3779 284 3841 bello
311 3782 460 3862 perdidit,
489 3788 691 3863 quantumin
714 3806 750 3849 oa
772 3790 932 3869 superiore
953 3792 1108 3871 tempore,
1129 3810 1201 3877 cum
1223 3808 1259 3853 se

197 3878 260 3958 jam
283 3881 431 3945 adversus
455 3882 666 3947 Alexandrum
692 3886 835 3969 blagnum
858 3890 1124 3971 circumspiceret,
1148 3892 1182 3952 in
1204 3891 1258 3952 di-

202 3980 311 4040 scretis
325 3982 477 4047 aetatibus
492 4002 603 4047 census
624 3985 752 4051 invenit.
787 3989 949 4054 Praeterea
971 3993 1054 4053 viros
1076 3991 1259 4055 consulares
