2634 4434
556 331 626 400 reo
653 389 666 428 ,

58 566 99 628 Et
121 569 188 648 ipse
211 567 335 647 quidem
357 584 427 628 cum
450 567 575 647 triginta
598 522 729 630 nauibus
752 565 930 648 Lilybaeum
958 569 990 630 in
1018 577 1117 634 eastra

57 667 211 750 confugit:
257 667 395 748 reliquae
424 684 550 747 omues,
576 667 636 730 hoc
664 674 711 730 est
739 668 904 750 nonaginta
932 675 985 732 aut
1011 678 1116 749 captae

57 777 115 830 aut
142 770 300 843 demersae
328 766 470 830 luerunt:
504 776 575 832 octo
602 769 698 832 millia
725 767 855 831 militum
878 785 984 848 caesa,
1006 771 1116 850 viginti

55 870 155 931 millia
191 861 276 949 capla
312 867 497 932 reseruntur.
557 869 648 952 CaJus
682 886 807 950 quoque
839 868 966 951 lunius,
997 869 1117 950 collega

56 969 198 1047 Claudii,
227 971 400 1032 universam
431 969 559 1030 classem
582 969 743 1052 naufragio
766 970 880 1032 amisit:
909 971 1001 1034 Auno
1023 970 1116 1033 eliam

55 1071 264 1150 consequenti
286 1070 393 1133 classis
408 1069 521 1131 Punica
543 1069 574 1130 in
596 1068 713 1132 ltaliam
736 1070 866 1148 transiit,
888 1070 1115 1152 ejusqueplu-

53 1172 152 1233 rimas
173 1179 275 1251 partes
297 1171 391 1251 louge
412 1170 537 1250 lateque
560 1171 698 1232 vastavit.
742 1168 865 1232 Interea
885 1169 1024 1234 Lutatius
1045 1189 1116 1232 curu
1235 1187 1239 1198 ·

53 1271 158 1334 classe
188 1278 394 1333 trecentarum
424 1270 549 1332 narium
577 1271 610 1331 in
640 1268 774 1332 Siciliam
804 1277 1013 1349 transvectus,
1043 1270 1116 1332 dum

52 1371 139 1451 apud
176 1373 352 1451 Drepanum
389 1371 544 1433 civitatem
579 1388 713 1453 pugnam
748 1371 830 1434 inter
861 1372 1010 1452 primores
1043 1372 1115 1448 ciet,

51 1471 207 1534 translixo
228 1472 347 1534 femore
373 1472 555 1553 aegerrime,
585 1489 656 1533 eum
680 1474 743 1554 jam
767 1472 962 1550 obrueretur,
990 1479 1115 1552 ereptus

51 1580 114 1634 est.
163 1571 256 1632 Porro
284 1578 385 1632 autern
406 1571 502 1632 Poeni
529 1588 600 1633 cum
626 1572 866 1656 quadringentis·
886 1573 1017 1636 navibus
1044 1591 1114 1634 ma-

50 1672 194 1752 gnisque
216 1671 313 1749 copiis
335 1670 373 1732 ad
396 1669 530 1733 Siciliam
557 1671 636 1732 duea
658 1670 791 1734 Annona
814 1679 1010 1734 concurrunt.
1051 1671 1116 1736 Neo

51 1771 199 1834 Lutatius
225 1770 366 1851 segnior,
395 1771 489 1831 immo
515 1769 645 1832 consilia
666 1771 837 1838 Poenorum
860 1771 1018 1834 celeritate
1040 1773 1116 1834 mira

52 1871 226 1952 praeuenit.
263 1871 426 1950 Postquam
440 1871 581 1949 proxime
595 1869 656 1934 sibi
671 1877 872 1952 utrorumque
887 1871 1000 1934 classes
1023 1869 1113 1947 [243]

54 1972 140 2054 apud
161 1971 297 2053 Aegates
318 1969 549 2051 insulam,-pcr
576 1978 669 2034 totam
697 1978 818 2034 noctem
841 1973 1015 2036 intertextis
1036 1989 1113 2053 pro-

54 2073 222 2153 pemodum
249 2072 380 2148 ancoris,
408 2073 629 2150 constiterunt,
671 2079 736 2136 orta
765 2071 836 2136 luce
863 2075 947 2154 prior
974 2074 1113 2138 Lutatius

55 2175 182 2256 signum
196 2172 279 2236 bello
300 2172 392 2235 dedit
428 2170 637 2234 crudescente
658 2189 762 2254 pugna
782 2173 882 2236 vietus
896 2174 988 2235 Anno
1003 2192 1114 2236 navem

55 2275 172 2336 avertit
192 2281 225 2336 et
245 2273 309 2335 dux
330 2271 423 2354 fugae
444 2273 561 2352 primum
583 2271 648 2334 luit
693 2272 860 2353 Aliquanto
882 2291 952 2335 oum
979 2290 1017 2336 eo
1045 2291 1115 2354 pars

56 2375 216 2437 exercilus
230 2375 279 2436 sui
294 2372 429 2435 Africam
444 2374 530 2452 petit,
552 2373 605 2435 alii
620 2371 792 2455 confugere
807 2373 1000 2453 Lilybaeum,
1016 2392 1113 2437 sexa-

57 2477 145 2556 ginta
168 2483 200 2538 et
222 2483 284 2538 tres
305 2474 438 2536 Punicae
461 2489 556 2534 naves
582 2470 689 2550 oa'prtae
716 2479 804 2550 sunt,
831 2480 954 2534 centum
982 2475 1113 2558 vigint17

57 2577 199 2656 quinqua
214 2576 384 2651 demersae,
408 2574 532 2654 triginta
547 2571 608 2634 duo
624 2573 718 2634 millia
733 2570 889 2634 hominum
905 2579 1002 2653 capta,
1025 2591 1115 2638 caesa

58 2677 293 2756 quatuordecim
324 2675 418 2737 millia
447 2671 545 2736 fuere.
587 2670 793 2734 Romanorum
822 2679 924 2736 autem
952 2673 1113 2738 duodecim

58 2795 157 2840 nares
179 2777 338 2840 demersae
365 2783 445 2838 sunt.
488 2772 628 2834 Lutatius
651 2772 763 2834 deiude
785 2773 824 2835 ad
845 2773 1008 2854 Erycinam
1030 2778 1112 2837 civi-

59 2885 164 2956 tatem,
187 2896 279 2959 quam
294 2877 388 2938 l'oeni
404 2873 563 2952 tenebant,
586 2873 688 2948 venit:
712 2873 819 2956 ibique
842 2874 902 2936 duo
926 2875 1019 2938 millia
1035 2876 1128 2938 Car-¹

60 2977 299 3060 tlraginiensium
322 2983 463 3040 conserta
485 2991 588 3056 pugna
609 2972 774 3037 interfecit.

420 3177 618 3327 daput
670 3174 748 3282 lll.

81 3356 387 3441 Ocrldopim'ences
408 3353 661 3421 conditionibus
686 3352 866 3436 pretioque
885 3369 1004 3438 pacem
1026 3355 1094 3420 ἑπι-

15 3497 26 3520 t
80 3463 256 3541 petraeae:
279 3458 513 3524 calamitosam
530 3453 669 3520 Tiberia
690 3454 959 3534 inundationem,
982 3456 1094 3539 iperic-

81 3580 148 3644 que
168 3562 350 3644 cujttadom
370 3554 750 3724 υωωέἓοηὲΐᾶἒέἕέηαο
766 3552 889 3642 filicae.
932 3556 988 3622 Dc
1010 3558 1094 3623 dello

145 3797 231 3857 Tune
255 3793 523 3875 Carthaginienses
551 3791 711 3871 praecipiti
738 3789 934 3854 lestinatlone
957 3789 994 3850 ad
1016 3788 1114 3852 Luta-

65 3898 137 3958 tium
165 3895 339 3970 consulern‚
368 3913 404 3955 ac
431 3893 543 3954 deinde
563 3892 688 3954 Rolnam
711 3893 845 3967 mittunt,
877 3895 965 3949 orant
993 3907 1113 3968 pacem:

66 4017 152 4075 quam
169 3995 397 4060 conditionibus
411 4001 483 4056 ante
495 3994 658 4072 propositis
670 3991 753 4052 illico
766 3996 1004 4067 consequuntur.
1028 3991 1113 4054 Con-
