2634 4434
467 291 612 410 ea

69 583 138 628 suae
177 569 311 631 vinctum
346 575 440 650 ponte
478 581 644 652 portasset3
685 577 834 640 vilissimo
872 583 965 645 unius
1000 593 1117 654 servuli

68 685 157 747 egere
180 670 361 748 ministerio,
384 674 472 754 cujus
494 675 662 753 potentiae,
685 675 758 738 dum
781 687 901 743 montes
923 687 1116 770 exciduntur,

68 769 158 832 valles
185 771 358 858 replentur,
391 790 496 836 amnes
525 773 764 856 exhauriuntur,
797 781 862 860 ipsa
895 785 987 846 etiam
1014 806 1117 854 rerum

68 875 170 932 natura
193 872 344 934 cessisset.
388 872 549 936 Pedestres
576 893 702 956 quoque
728 882 852 960 copiae,
880 901 962 962 quae
989 888 1119 952 ducibus

69 971 245 1032 commissae
268 969 408 1048 fuerant,
431 972 552 1052 labore,
575 975 656 1040 fame
678 997 714 1040 ae
735 987 820 1042 metu
842 983 883 1044 ita
905 985 1121 1054 distabuerunt

67 1075 96 1129 et
110 1071 314 1134 crudescente
330 1071 436 1134 morbo
453 1078 651 1155 anapestis,
668 1085 813 1158 tantaque
831 1080 962 1146 foeditas
976 1091 1117 1153 morien-

64 1169 136 1230 tium
160 1179 273 1238 exorta
299 1179 362 1249 est,
391 1179 425 1233 ut
454 1175 524 1234 viae
555 1176 756 1240 cadaveribus
787 1181 997 1260 replerentur:
1032 1190 1117 1254 dirae

63 1271 152 1332 etiarn
187 1273 274 1333 alites
308 1279 400 1351 atque
432 1272 589 1354 improbae
622 1276 757 1356 bestiae,
790 1298 929 1344 escarum
963 1287 1118 1353 illecebris

62 1369 254 1448 sollicitatae,
277 1372 491 1436 moribundum
513 1384 721 1454 sequerentur
741 1382 920 1448 exercitum.

429 1625 626 1761 btpub
677 1629 754 1736 xl
1030 1675 1117 1760 pm}

61 1825 292 1914 Mardonius⁷
337 1827 474 1896 Xerxis
508 1829 723 1916 praefocatus,
759 1833 840 1898 dum
875 1835 1009 1922 reliqua
1044 1839 1120 1909 delli

64 1929 284 2012 exsequitur,
323 1931 431 2013 copiis
468 1933 609 1998 amicata
645 1928 788 2017 uufupit.
844 1931 1003 2018 Xeruec,
1036 1943 1118 2010 dunt

124 2050 147 2094 a
170 2030 247 2094 eutr
273 2033 314 2095 ut
339 2029 573 2116 infortunatus
600 2035 846 2114 contemuitur,
876 2040 1052 2107 occiditur.

146 2183 189 2244 At
209 2201 284 2246 vero
306 2185 497 2267 Mardonius,
525 2191 576 2251 cui
603 2190 722 2270 reliqua
744 2191 818 2252 belli
840 2190 960 2252 Xerxes
982 2199 1115 2258 commi-

62 2291 160 2366 serat,
194 2283 320 2347 adllatus
352 2289 482 2366 primum
511 2307 657 2352 successu
687 2291 792 2366 brevi,
826 2307 897 2351 mox
919 2291 951 2351 in
980 2302 1116 2358 extrema

63 2385 203 2466 dejectus
225 2393 278 2448 est.
324 2386 489 2467 Olynthum
505 2391 669 2470 siquidem,
686 2387 833 2451 Graeciae
849 2391 1003 2470 oppidum,
1030 2392 1117 2478 [titt]

64 2488 258 2567 expugnavit.
303 2486 511 2550 Athenienses
536 2493 621 2550 varia
649 2489 866 2548 sollicitatione
899 2489 1053 2552 adducere
1086 2495 1118 2554 in

63 2603 147 2665 spem
170 2588 254 2666 pacis
273 2588 447 2668 adgressus,
470 2589 524 2650 ubi
539 2585 810 2670 inexpugnabilem
826 2603 931 2648 eorum
948 2587 1119 2654 libertatem

63 2687 164 2763 videt,
192 2687 317 2749 incensa
345 2688 431 2750 urbis
459 2695 560 2770 parte,
584 2690 616 2750 in
638 2688 795 2749 Boeotiam
818 2704 938 2749 omnem
962 2689 1035 2752 belli
1058 2694 1118 2755 ad-

63 2794 201 2865 paratum
224 2788 355 2850 deducit.
399 2787 476 2850 llluc
503 2807 627 2869 quoque
656 2807 727 2850 eum
754 2795 877 2848 centum
900 2789 994 2848 millia
1016 2790 1117 2854 Grae-

64 2904 170 2948 corum
193 2887 331 2949 insecuta
354 2896 442 2967 sunt,
466 2897 497 2951 et
511 2890 679 2952 commisso
700 2889 768 2951 sine
791 2904 874 2948 mora
896 2887 1012 2967 praelio
1034 2889 1119 2952 Mar·—

64 2987 206 3065 doninm,
240 2989 349 3050 deletis
382 2991 478 3068 copiis
510 2991 606 3070 ipsius
639 2989 727 3052 velut
758 3007 776 3049 e
803 2988 963 3071 naufragio
992 2990 1119 3069 nudum,

63 3107 132 3149 cum
156 3089 262 3168 paucis
281 3088 390 3171 lugere
406 3091 633 3171 compulerunt:
658 3097 757 3152 castra
771 3089 866 3170 regiis
881 3089 990 3169 opibus
1005 3091 1120 3154 referta

64 3195 229 3268 ceperunt,
263 3206 325 3250 non
357 3207 452 3270 parvo
486 3192 609 3271 quidem
637 3191 782 3270 antiquae
810 3188 979 3274 industriae
1001 3190 1120 3252 darnno.

63 3289 139 3350 Nam
166 3297 234 3368 post
255 3289 345 3372 hujus
367 3292 498 3370 praedae
514 3292 707 3365 divisionem,
731 3304 838 3348 aurum
853 3286 1007 3348 Persicum
1023 3291 1119 3368 prima

64 3387 214 3452 Graeciae
247 3390 368 3452 virtutis
401 3393 556 3470 corruptio
593 3390 658 3450 luit.
717 3387 813 3468 Urget
848 3386 954 3467 igitur,
979 3390 1119 3472 inceptus

64 3491 195 3551 miseros
218 3497 354 3553 extrema
377 3492 516 3571 perditio.
560 3489 634 3552 Nam
657 3488 736 3552 lorte
766 3488 875 3550 eodem
905 3487 981 3567 die‚·
1000 3510 1061 3572 quo
1089 3495 1121 3554 in

64 3591 192 3652 Boeotia
214 3589 363 3652 Mandonii
386 3594 492 3673 copiae
521 3591 640 3653 deletae
667 3598 753 3668 sunt,
782 3607 852 3670 pars
879 3589 993 3652 Persici
1022 3609 1118 3652 exer-

65 3693 146 3752 citus
169 3691 200 3752 in
223 3690 296 3753 Asia
319 3693 375 3753 sub
402 3699 505 3754 monte
532 3689 649 3774 Mycale
676 3690 779 3752 navali
806 3689 921 3769 praelio
949 3689 1119 3751 dimicabat.

64 3789 110 3851 lbi
135 3807 235 3851 novus
257 3799 385 3870 repente
406 3807 511 3853 rumor
532 3793 694 3872 utriusque
716 3790 822 3852 classis
844 3796 876 3849 et
897 3789 1001 3866 populi
1029 3784 1118 3871 [117]

65 3889 197 3968 inplevit
211 3907 313 3968 aures,
336 3891 484 3954 Mandonii
501 3892 667 3954 exstinctas
682 3893 796 3970 copias,
819 3886 952 3949 Graecos
967 3889 1122 3951 exstitisse

38 4031 40 4036 -
65 3990 209 4056 victores.
253 3990 329 4056 lllira
352 3991 447 4056 divini
466 3992 575 4071 judicii
598 3991 765 4066 ordinatio,
787 3990 819 4049 in
846 3985 973 4048 Boeotia
1001 3991 1120 4052 oriente

927 4098 967 4149 411
