2634 4434
623 315 830 425 jaa—

203 544 293 625 [429]
317 547 477 613 reditatem
500 555 531 610 et
553 565 665 611 nomen
684 550 884 626 adsumserat,
907 550 1052 629 idemque
1074 550 1129 629 qui
1151 558 1252 629 postea

201 666 305 712 rerum
328 649 442 729 potitus
465 648 624 730 Augustus
647 656 695 711 est
717 650 831 727 dictus,
859 650 950 711 simul
972 656 1007 710 ut
1028 648 1153 711 llomam
1177 651 1252 711 ado-

200 752 322 813 lescens
345 749 505 810 admodum
530 751 624 831 venit,
647 750 782 812 indolem
796 768 881 812 suam
898 748 988 810 bellis
1004 749 1148 811 civilibus
1164 751 1254 812 vovit

200 851 276 913 Nam
300 848 492 909 utbreviter
514 850 779 911 coacervationem
802 849 948 911 malorum
978 849 1146 929 explicem,
1177 849 1254 911 bella

202 950 304 1015 civilia
327 948 465 1029 quinque
487 949 597 1028 gessit:
628 949 814 1038 Mutinense,
837 950 1041 1029 Philippense,
1063 950 1253 1024 Perusinum,

202 1050 350 1126 Siculum,
372 1048 547 1138 Actiacum:
572 1065 590 1109 ε
612 1050 726 1128 quibus
748 1049 820 1127 duo,
842 1048 902 1111 lroc
916 1056 977 1111 est:
999 1051 1131 1129 primum
1146 1055 1182 1111 ct
1195 1066 1253 1109 no-

201 1152 371 1225 vissimum,
394 1150 541 1212 adversus
563 1147 698 1213 lllarcum
713 1150 894 1226 Antonium,
916 1150 1085 1212 secundum
1107 1148 1253 1211 adversus

201 1251 328 1313 Brutum
352 1255 386 1319 et
406 1248 553 1324 Cassium,
576 1250 698 1311 tertium
722 1250 869 1312 adversus
890 1249 922 1312 L.
948 1232 1129 1326 Antonium,
1158 1266 1251 1328 quar-

206 1347 297 1425 [430]
321 1356 385 1410 tum
408 1348 557 1410 adversus
581 1348 651 1411 Sex.
696 1350 882 1431 Pompeium,
906 1349 981 1411 Cnei
1003 1350 1128 1429 Pompei
1150 1348 1251 1424 lilium,

203 1448 346 1513 confecit.
388 1446 543 1511 Antonius
565 1468 581 1511 a
604 1457 713 1511 senatu
736 1449 832 1512 hostis
853 1451 1082 1529 pronuntiatus,
1110 1448 1146 1511 D.
1172 1447 1249 1509 Bru-

203 1556 266 1611 tum
295 1548 333 1610 ad
360 1546 505 1612 Plotinam
533 1548 696 1613 obsidione
721 1549 923 1614 concluserat.
970 1549 1119 1611 Consules
1141 1548 1250 1609 Hirtius

203 1657 235 1711 ει
256 1650 380 1737 Pansa,
396 1654 427 1709 et
454 1666 523 1709 cum
552 1647 599 1709 his
622 1650 748 1727 Caesar,
771 1650 809 1713 ad
831 1650 1021 1712 liberandum
1044 1649 1171 1710 Brutum
1194 1667 1248 1709 ex·

202 1750 462 1831 pugnandumque
478 1748 646 1810 Antonium
663 1750 755 1811 missi.
792 1750 888 1812 Pansa
909 1752 1007 1830 primo
1025 1750 1171 1826 ueniens,
1194 1767 1248 1809 ex-

202 1858 309 1929 ceptus
333 1848 450 1910 insidiis
473 1849 554 1909 inter
575 1866 701 1909 suornm
723 1850 836 1926 clades,
859 1852 925 1929 ipse
947 1867 1071 1929 quoque
1093 1849 1156 1928 pilo
1178 1867 1248 1929 gra-
1303 1841 1309 1926 1

203 1951 285 2009 viter
307 1948 499 2024 vulneratus,
523 1948 560 2009 ab
584 1949 692 2010 eodem
715 1949 845 2011 vulnere
866 1951 1054 2029 interpositis
1077 1948 1188 2010 diebus
1208 1955 1250 2009 est

204 2054 349 2108 mortuus
393 2046 509 2109 Hirtius
531 2047 679 2108 auxilium
702 2048 849 2129 collegae
862 2047 967 2109 terens
989 2066 1113 2129 magnas
1129 2049 1249 2111 Antonii

205 2148 307 2227 copias
329 2152 412 2209 vasta
436 2154 538 2227 strage
561 2146 684 2210 delevit.
729 2146 840 2209 Caesar
861 2154 1002 2209 eatenusv
1018 2155 1116 2209 castra
1144 2155 1248 2209 custo-

204 2249 267 2310 diit.
303 2246 443 2308 Secunda
465 2247 613 2313 adversus
635 2248 802 2310 Antonium
825 2264 926 2328 pugna
948 2266 1077 2328 magnae
1099 2250 1249 2325 utrimque

203 2355 321 2427 strages
343 2354 429 2407 actae
452 2354 530 2409 sunt.
574 2346 713 2427 Namque
735 2354 810 2409 tunc
831 2347 874 2408 ibi
895 2347 1012 2408 Hirtius
1034 2349 1143 2409 consul
1165 2350 1247 2407 occi-

202 2465 255 2511 sus
278 2453 339 2524 est,
363 2448 461 2507 victus
484 2446 563 2528 lugit
584 2448 754 2525 Antonius,
778 2447 889 2508 Caesar
910 2448 1038 2509 victoria
1060 2450 1175 2527 potitus
1197 2454 1248 2521 est,

203 2550 254 2609 cui
277 2548 311 2608 D.
335 2546 462 2622 BrutuS,
486 2547 524 2609 de
546 2550 760 2629 conjuratione
787 2531 881 2609 occisi
907 2546 983 2615 Julii
1012 2547 1150 2609 Caesaris
1176 2565 1249 2608 con-

203 2643 295 2724 [431]
330 2644 446 2722 fessus,
475 2664 582 2723 preces
604 2648 813 2726 poenitentiae
835 2644 930 2709 todia:
953 2646 1111 2709 Dolabella
1133 2648 1248 2709 Trebo—
1310 2703 1311 2714 ,

202 2748 303 2822 nium,
334 2761 427 2811 unum
457 2764 497 2807 ex
525 2745 774 2809 interlectoribus
802 2744 957 2824 Caesaris,
981 2747 1130 2827 Smyrnae
1152 2750 1248 2808 inter·

203 2846 286 2908 iecit.
330 2844 517 2907 Dolabellam
541 2852 666 2907 senatus
688 2846 805 2907 hostem
828 2848 1043 2925 pronuntiavit.
1088 2848 1247 2908 Consulum

202 2948 373 3007 occisorum
394 2950 526 3021 uterquc
543 2946 697 3005 exercitus
714 2946 836 3006 Caesari
851 2948 958 3024 paruit.
995 2948 1102 3009 Postea
1118 2948 1154 3008 Ι).
1171 2947 1247 3008 Bru·

202 3052 254 3106 tus
275 3046 306 3104 in
335 3040 431 3103 Gallia
460 3061 477 3103 a
507 3043 657 3130 Sequanis
685 3029 796 3123 captus'
818 3053 851 3107 et
876 3048 996 3109 occisus
1026 3054 1080 3110 cst.
1125 3047 1249 3109 Basillus

202 3153 314 3221 autem,
337 3159 437 3222 aequo
459 3160 539 3204 unus
562 3146 600 3205 de
622 3144 865 3224 percussoribus,
889 3165 980 3207 manu
999 3165 1158 3209 servornm
1175 3165 1246 3208 suo-

201 3263 268 3306 rum
306 3250 432 3305 necatus
466 3250 521 3305 est.
576 3242 691 3323 Lepido
723 3246 909 3327 satisagente
943 3248 1055 3308 Caesar
1085 3247 1249 3308 Antonium

201 3345 319 3422 recepit
346 3345 377 3403 in
404 3343 547 3423 gratiam:
576 3350 669 3421 etque
696 3343 735 3405 ob
764 3344 854 3407 fidem
888 3346 1105 3408 reconciliatae
1137 3349 1250 3427 gratiae

202 3442 294 3504 filiam
324 3445 391 3521 ejus
420 3442 611 3503 matrimonio
639 3446 764 3506 sortitus
792 3454 847 3507 cst.
892 3447 967 3508 lude
989 3464 1059 3507 cum
1081 3446 1120 3507 ad
1143 3446 1249 3507 Urbem

202 3542 415 3617 accessissent,
438 3559 474 3601 ac
496 3560 599 3603 rumor
621 3542 660 3604 de
683 3544 785 3605 lutura
807 3548 1029 3626 proscriptione
1052 3553 1143 3606 ortus·
1161 3549 1249 3628 esset,

201 3639 233 3704 C.
257 3641 442 3715 Thoranius,
473 3643 519 3701 vir
546 3644 732 3721 praetorius,
760 3644 837 3706 nibil
865 3646 925 3707 tale
947 3653 1105 3721 metuens,
1129 3647 1250 3705 incursu
1310 3619 1312 3738 ι

202 3738 331 3805 militum
355 3740 436 3801 domi
458 3758 532 3801 suae
555 3741 739 3803 interfectus
759 3751 820 3820 est,
848 3746 964 3825 aliique
985 3744 1161 3823 complures
1184 3750 1250 3804 tru-
1310 3741 1312 3876 ,

137 3888 143 3899 .
202 3840 294 3899 cidati
317 3832 397 3903 sunt.
441 3840 546 3917 ltaque
569 3857 608 3899 nc
637 3839 727 3901 latius
755 3847 848 3921 atque
874 3844 1053 3906 effrenatius
1080 3845 1249 3905 incircum-

203 3936 313 4013 scripta
336 3936 446 3997 caedes
468 3944 627 4016 ageretur,
655 3945 778 4001 centum
805 3942 928 4022 triginta
952 3951 984 4005 ει
1006 3944 1100 4006 duum
1122 3950 1250 4006 senato·
1309 3925 1312 4022 l

1310 4083 1311 4092 i

1310 4317 1312 4333 l

1310 4340 1312 4352 t

1310 4369 1312 4377 i
