2634 4434
563 341 609 410 47

73 570 192 634 ambitus
219 572 286 652 ejus
320 573 552 654 quadringentis
585 583 617 638 et
649 575 804 658 octoginta
836 578 942 640 stadiis
973 580 1111 642 circnm-

71 673 190 736 vcnitur.
248 672 352 735 Murus
386 673 490 735 coctili
523 676 619 739 latere
652 684 746 756 atque
779 676 930 739 interfuso
962 677 1112 742 bitumine

71 782 248 852 compactus,
277 773 358 836 iussa
386 775 578 840 extrinsecus
604 775 666 840 lato
688 785 813 857 pateus,
835 777 905 839 vice
925 777 1024 840 omnis
1045 780 1111 840 oir-

69 874 203 936 cumiluit
248 876 275 936 A
304 875 405 938 ironic
435 893 591 940 murorum
614 886 737 941 centurn
760 887 867 959 portae
888 896 1009 941 aercae.
1046 878 1113 959 lpsa

68 979 159 1034 autem
187 975 314 1037 latitudo
337 979 369 1037 in
392 981 655 1041 consummatione
678 981 838 1058 pinnarum
861 985 994 1058 utroquo
1016 977 1113 1042 latere

67 1062 239 1138 habitaculis
262 1075 459 1138 defensorum
481 1096 581 1158 acqua
604 1079 776 1160 dispositis,
803 1079 903 1140 media
932 1080 1112 1160 intercapc-
1212 1125 1216 1130 -

66 1172 131 1236 dine
149 1177 198 1238 sui
219 1177 296 1238 citas
319 1176 482 1258 quadrigas
504 1179 592 1256 capit.
636 1178 752 1241 Domus
774 1180 960 1241 intrinsecus
981 1187 1112 1260 quater-

64 1277 216 1356 geminae,
245 1276 441 1339 habitaiionis
470 1279 581 1341 minaci
608 1281 792 1358 proceritate
824 1279 988 1348 mirabiles.
1020 1276 1112 1352 [103]

63 1371 96 1435 lit
117 1381 218 1439 tamen
242 1395 350 1460 magna
366 1379 417 1442 illa
433 1379 581 1461 Babylon,
604 1380 655 1442 illo
678 1382 774 1461 prium
796 1387 865 1461 post
886 1371 1112 1461 reparationo‘m

62 1473 182 1538 bunrani
203 1481 327 1559 generis
349 1481 487 1559 condita,
517 1499 601 1543 nuuc
627 1500 727 1561 pacnc
755 1484 846 1544 etiam
874 1483 999 1543 minima
1027 1497 1111 1542 mora

61 1577 148 1654 ricta,
172 1585 269 1658 capta,
291 1579 438 1641 subversa
462 1588 516 1643 est.
556 1581 603 1641 lbi
618 1588 692 1642 tunc
707 1583 850 1660 Croesus,
865 1582 932 1644 ilex
945 1581 1111 1663 Lydorum,

61 1674 192 1738 lamcsus
215 1676 340 1757 opibus,
370 1695 439 1738 cum
469 1679 506 1739 ad
533 1680 742 1742 auxiliandum
764 1681 942 1760 Babyloniis
962 1681 1112 1768 venisset,

61 1777 154 1840 rictus
177 1777 310 1840 sollicite
332 1779 363 1839 in
386 1796 516 1859 regnum
543 1778 667 1860 refugit.
712 1780 810 1862 Cyrus
837 1787 956 1857 numm,
982 1786 1111 1859 postea-

60 1895 145 1955 quam
169 1877 367 1959 Babyloniam
391 1887 425 1940 ut
453 1878 548 1941 hostis
578 1879 706 1957 invasit,
735 1887 769 1942 ut
796 1881 895 1942 victor
922 1881 1049 1957 evertit,
1077 1888 1111 1942 ιιι

60 1975 120 2040 Rex
142 1981 302 2060 disposuit,
325 1979 439 2041 bollum
461 1978 615 2041 transtulit
629 1980 661 2040 in
675 1979 817 2060 Lydiam:
841 1981 895 2044 ubi
910 1982 1110 2044 conterritum

60 2082 214 2159 superiore
237 2083 296 2162 jam
319 2081 435 2160 praelio
458 2081 646 2158 exercitum,
676 2082 761 2143 nullo
790 2083 917 2164 negotio
944 2083 1109 2162 superarit.

58 2177 153 2258 ipsum
177 2183 270 2243 etiam
295 2181 441 2243 Croesum
465 2184 564 2262 capit,
595 2189 780 2262 captumque
808 2190 841 2244 ot
868 2183 929 2244 vita
955 2189 988 2244 et
1008 2183 1109 2262 patri-

59 2283 155 2344 monio
185 2282 320 2345 donavit.
363 2281 560 2364 Exaggerare
588 2282 647 2344 boc
679 2282 749 2344 loco
781 2283 973 2345 mutabilium
1005 2298 1109 2344 rerum

58 2379 214 2445 instabiles
236 2389 339 2446 status*
359 2401 421 2446 nen
449 2401 525 2464 opus
551 2391 615 2447 est:
651 2383 802 2463 quidquid
830 2385 913 2445 euim
940 2391 988 2446 est
1014 2401 1110 2462 opere

59 2489 87 2541 ot
107 2501 202 2545 manu
224 2483 348 2561 lactum,
372 2483 433 2545 labi
455 2490 487 2545 et
508 2483 649 2544 consumi
670 2489 835 2558 vetustate,
863 2482 1001 2562 babylon
1022 2490 1111 2559 capta

56 2583 229 2647 coufirmat:
259 2573 353 2666 cujus
376 2591 410 2645 ut
438 2584 567 2664 primum
597 2581 758 2662 imparium
786 2599 823 2643 ac
844 2583 999 2662 potentis·
1022 2576 1111 2663 [roi]

55 2683 161 2746 simum
186 2687 314 2764 exstitit,
338 2686 379 2748 ita
401 2691 433 2747 ct
455 2685 584 2764 primum
604 2683 709 2760 cessit,
732 2690 767 2744 ut
780 2683 879 2745 veluti
894 2684 1026 2764 quodam
1041 2684 1110 2765 jure

56 2786 251 2848 succedentis
283 2787 391 2848 aetatis
425 2786 527 2848 debita
559 2785 689 2866 posteris
721 2783 895 2845 traderetur
925 2783 1109 2860 baereditas,

56 2883 125 2963 ipsis
154 2903 283 2968 quoquc
315 2886 446 2948 candem
479 2885 619 2949 tradendi
652 2884 813 2947 formulam
846 2883 1022 2946 servaturis.
1065 2881 1111 2944 lin

54 2987 89 3047 ad
117 2987 260 3067 proxima
288 2986 481 3050 aduentantis
509 2987 580 3069 Cyri
606 2993 794 3049 tentamenta
816 2984 980 3048 succubuit
1001 3000 1111 3066 magna

54 3083 194 3169 Babylon
217 3095 250 3162 et
270 3088 381 3168 ingens
402 3087 497 3168 Lydia
505 3107 514 3162 3
543 3087 728 3168 amplissima
755 3087 891 3149 Oriends
917 3101 989 3148 cum
1010 3085 1110 3165 capite

52 3203 108 3247 suo
131 3188 269 3266 brachia,
292 3189 385 3249 unius
406 3188 514 3268 praelii
529 3186 729 3268 expeditione
740 3187 937 3249 ceciderunt:
959 3192 993 3246 ct
1013 3185 1111 3244 nostri

54 3286 311 3368 incircumspecta
338 3289 493 3351 anxietate
520 3295 700 3364 causantur,
729 3287 755 3347 si
782 3285 1012 3365 potentissimae
1039 3283 1111 3346 illac

54 3390 210 3466 quondam
233 3388 386 3453 Romanae
413 3389 604 3469 reipublicae
630 3387 744 3464 moles,
771 3403 856 3447 nuno
882 3385 979 3468 magis
1007 3386 1110 3448 imbe-

54 3488 183 3552 cillitate
205 3492 346 3570 propriae
368 3489 554 3568 senectutis,
583 3506 673 3569 quam
701 3486 811 3552 alienis
839 3504 1008 3551 concussae
1029 3488 1110 3549 viri-

53 3586 113 3650 bus·
133 3591 385 3654 contremiscunt.
