2634 4434
705 322 752 390 82

583 550 771 695 btput
824 551 877 662 il.

204 745 402 847 Permultee
426 748 606 812 matronae
627 745 807 812 Romanae
831 743 986 828 veneficii
1013 747 1199 810 acmoniae
1227 745 1260 808 et

579 846 763 912 damoclem
790 850 882 912 aaut.

290 987 331 1049 At
352 999 439 1062 vero,
460 999 556 1065 parvo
579 983 650 1048 exin
675 987 812 1068 tempore
834 983 1007 1066 interjecto,
1029 983 1174 1047 horresco
1202 1001 1257 1044 re-

203 1085 286 1151 ferre
310 1087 391 1168 quod
413 1091 533 1167 gesan
557 1092 619 1150 est:
649 1101 719 1150 nam
737 1086 876 1151 'Claudio
902 1083 1047 1149 Marcello
1076 1089 1107 1146 et
1135 1083 1259 1145 Valerio

203 1185 311 1251 Flacco
348 1184 526 1251 consulibus
562 1187 736 1250 incredibili
774 1187 860 1250 rabie
899 1193 930 1250 el
966 1203 1070 1248 amore
1104 1183 1257 1247 scelerum

96 1277 121 1298 ’
203 1286 358 1350 Romanae
380 1295 537 1350 matronae
559 1295 748 1352 exarserunt.
792 1287 865 1350 Erat
886 1287 994 1367 ulique
1016 1285 1125 1348 foedus
1148 1283 1201 1345 ille
1225 1301 1258 1345 ac

205 1388 352 1470 pestilens
374 1404 489 1465 annas,
513 1387 710 1470 inflictaeque
729 1391 792 1470 jam
815 1389 952 1470 undique
974 1386 1151 1449 catervatim
1175 1389 1256 1445 stra-

205 1485 295 1563 [ido]
318 1503 373 1570 ges
396 1489 618 1570 egerebantur,
641 1497 674 1552 et
702 1487 801 1552 adhuc
829 1497 929 1552 lamen
956 1505 1052 1569 penes
1081 1501 1188 1548 omnes
1222 1481 1258 1544 de

205 1595 348 1669 corrupto
371 1603 443 1652 aere
465 1591 595 1671 simplex
616 1592 781 1653 credulitas
804 1597 884 1668 erat,
908 1605 977 1652 cum
1001 1589 1153 1650 existente
1178 1601 1256 1665 qua-

206 1690 273 1751 dam
296 1690 406 1752 aneilla
429 1691 531 1754 indice
553 1699 585 1753 et
606 1695 811 1756 convincente
839 1693 969 1770 primum
998 1688 1111 1749 multae
1140 1692 1255 1747 matro-

205 1809 263 1851 nae
279 1797 314 1850 at
329 1790 481 1867 biberent,
498 1809 577 1869 quae
593 1798 741 1852 coxerant
763 1794 894 1864 v'enena,
917 1787 1109 1867 compulsae:
1134 1785 1272 1861 deinde,-

205 1888 295 1949 simul
318 1897 410 1967 alque
432 1889 578 1965 hausere,
605 1896 784 1950 consumtae
807 1895 886 1950 sunt
930 1887 1025 1948 'lanta
1047 1893 1149 1948 autem
1175 1885 1255 1946 mul-

204 1987 303 2048 titudo
325 1987 384 2048 suit
410 1994 614 2049 matronarum
642 1990 674 2050 in
701 1983 747 2051 his
774 1987 962 2051 facinoribus
990 1987 1198 2064 consciarum,
1226 1991 1257 2046 ut

144 2057 163 2187 s
206 2094 362 2149 trecentae
384 2087 576 2169 septuaginta
599 2088 758 2152 damnatae
781 2107 821 2151 ex
843 2089 903 2152 iliis
926 2088 1016 2151 simul
1044 2085 1140 2149 fuisse
1168 2083 1221 2147 rei
1237 2116 1254 2128 -

203 2195 317 2250 rantur.

573 2339 761 2478 baput
810 2342 888 2451 tlt

204 2526 407 2596 Alexander
432 2531 513 2598 Rem
538 2531 766 2616 Epirotarum
795 2551 817 2598 α
846 2529 1063 2600 mammeam
1089 2529 1201 2598 victae
1228 2532 1258 2596 cl

619 2635 755 2700 occicus
782 2638 845 2699 ert.

291 2768 383 2829 Anno
410 2769 447 2833 ab
475 2770 556 2832 Urbe
585 2771 708 2835 condita
736 2771 923 2836 ccccxxii.
973 2770 1165 2846 Alexander,
1193 2767 1258 2832 Rex
1316 2786 1317 2789 ¹

206 2868 413 2948 Epirotarum,
440 2870 608 2934 Alexandri
630 2873 714 2936 illius
736 2875 838 2956 magni
861 2873 1048 2951 avunculus,
1072 2871 1205 2952 trajectis
1228 2871 1259 2932 in

207 2968 325 3031 ltaliam
354 2970 450 3050 copiis
482 2989 551 3033 eum
584 2971 700 3035 bellum
728 2976 875 3038 adversus
902 2973 1055 3036 Romanos
1081 2977 1203 3054 pararet
1231 2977 1260 3031 et

207 3064 298 3144 [rot]
321 3070 402 3132 eirca
425 3069 567 3133 finitimas
588 3072 702 3136 Romae
725 3074 821 3139 Urbes
847 3073 968 3138 firmare
992 3075 1076 3137 vires
1105 3072 1260 3134 exercitus

208 3172 273 3248 sui,
301 3169 479 3250 auxiliaque
500 3173 552 3234 vel
573 3174 632 3236 sibi
653 3174 818 3255 adquirere
846 3176 897 3238 vel
919 3175 1057 3240 hostibus
1080 3171 1260 3238 subtrahere

48 3260 116 3311 7'3'
207 3272 351 3350 studens,
379 3270 469 3336 bellis
496 3283 713 3354 exerceretur,
746 3295 765 3338 a
799 3275 1002 3354 Samnitibus,
1036 3275 1090 3356 qui
1117 3272 1260 3336 Lucanae

207 3374 294 3452 genti
316 3371 571 3454 suffragabantur,
595 3379 726 3439 maximo
748 3376 830 3440 bello
846 3379 878 3440 in
892 3379 1026 3441 Lucania
1045 3377 1146 3438 victus
1169 3381 1261 3453 atque

208 3474 330 3535 occisus
362 3479 418 3535 est
470 3475 546 3554 Sed,
581 3471 725 3556 qdoniam
758 3477 945 3558 aliquantum
975 3477 1125 3540 Romanas
1159 3475 1262 3536 clades

208 3573 399 3635 recensendo
421 3593 602 3658 progressus
625 3594 708 3653 sam,
731 3577 781 3639 vel
804 3578 972 3640 Alexandri
995 3579 1082 3640 istius
1105 3576 1262 3637 mentione
1316 3586 1317 3589 ’

208 3675 411 3736 commonitus
433 3676 471 3736 de
492 3677 629 3755 Philippo
648 3677 848 3740 Macedonum
872 3697 959 3760 rege,
982 3679 1035 3758 qui
1051 3675 1262 3756 Olympiadem

209 3776 299 3853 hujus
321 3775 489 3836 Alexandri
510 3775 654 3854 Epirotae
677 3793 813 3839 sororem
837 3796 964 3840 uxorem
988 3777 1110 3854 babuit,
1140 3791 1263 3854 exque

208 3873 418 3935 Alexandrum
432 3871 574 3953 Magnum
594 3878 715 3956 genuit,
737 3876 927 3956 paucissimis
950 3879 1037 3940 annis
1060 3885 1143 3940 retro
1165 3891 1261 3954 repe-

209 3974 272 4033 titis
295 3989 403 4050 magna
425 3973 537 4050 parvis,
560 3973 591 4034 in
614 3983 761 4055 quantum
784 3987 901 4058 potere,
925 3979 1076 4058 colligam.
