2634 4434
337 1452 571 1546 mm
605 1465 869 1554 onosn

289 1639 657 1711 euasurruar
689 1613 933 1720 uremur

149 1801 1056 1950 HISTORIARUM

371 2053 532 2127 uruuu
573 2060 854 2169 Quuauus

497 2273 706 2282 ——a——-.—.-.

344 2417 868 2492 PRAEFATIO.

163 2573 286 2636 Dixisse
325 2573 466 2636 Aeneam
504 2572 651 2654 Virgilius
689 2573 800 2654 referi,
837 2593 906 2639 eum
939 2585 1009 2659 posi
1041 2575 1131 2656 [211]

79 2673 216 2751 pericula
248 2691 303 2737 sua
336 2689 526 2755 suorumque
557 2672 717 2757 naufragia
743 2676 885 2741 residuos
910 2696 1005 2761 aegre
1031 2682 1132 2745 socios

79 2773 247 2836 solaretur:

184 2922 327 2993 Ferrum
348 2929 383 2992 ei
402 2927 490 2994 bure
510 2929 588 2994 elim
609 2929 806 2996 meminisse
818 2929 964 3012 juvabit.

78 3078 163 3143 llaec
185 3083 339 3143 seulenlia
361 3082 458 3144 semel
480 3088 550 3162 apte
571 3081 657 3160 bela,
684 3099 806 3163 semper
826 3085 888 3144 viru
911 3085 959 3146 sui
981 3085 1133 3166 triplicem

79 3180 298 3244 diversissimis
336 3180 498 3245 effectibus
534 3180 647 3259 refert,
684 3199 753 3243 eum
788 3188 819 3243 et
851 3184 1014 3261 praeterita
1048 3191 1134 3246 tauto

78 3283 214 3360 gratiora
242 3280 395 3344 babeuiur
420 3283 454 3344 in
480 3281 602 3359 verbis,
636 3283 751 3362 quante
782 3281 923 3361 graviora
956 3281 1135 3347 referuntur

78 3380 109 3441 iu
133 3382 247 3462 geslis3
268 3387 301 3443 el
321 3379 434 3460 lutura,
457 3384 528 3445 dum
552 3380 766 3444 desiderabilia
789 3378 910 3442 fastidio
925 3386 1132 3460 praesentium

79 3478 173 3558 fiunt,
195 3498 318 3560 semper
340 3484 466 3545 meliora
490 3482 674 3544 creduntur:
699 3482 773 3561 ipsis
795 3486 896 3542 autem
919 3485 1133 3563 praesentibus

78 3580 118 3642 ob
141 3580 201 3642 boe
223 3581 306 3643 nulla
328 3583 361 3644 in
389 3589 474 3662 parte
501 3583 693 3645 miseriarum
718 3585 801 3664 jusia
828 3584 1013 3662 comparatio
1043 3579 1132 3658 [212]

79 3679 219 3743 adhiberi
234 3687 352 3760 polest,
367 3684 439 3763 quia
455 3682 551 3745 mullo
566 3684 681 3765 majore
696 3683 835 3746 molestia
851 3682 1012 3760 adiiciunt,
1028 3699 1132 3760 quan-

79 3780 271 3861 tulacunque
286 3783 358 3859 sini,
374 3782 441 3860 isla,
457 3791 634 3862 quaesunt,
650 3801 741 3863 quarn
757 3783 818 3860 illa,
840 3799 919 3862 quae
940 3784 1006 3842 sive
1028 3787 1132 3842 trans-

79 3887 147 3942 acta
175 3881 244 3943 sive
269 3889 416 3961 ventura,
445 3883 504 3946 elsi
533 3899 642 3964 magua
671 3882 830 3959 dicuntur,
856 3879 980 3941 inierim
1010 3881 1134 3943 omniuo

80 3986 154 4042 tune
177 3996 239 4044 nou
262 3989 348 4044 sunl:
373 3981 470 4046 veluti
491 3983 518 4046 si
541 3985 610 4060 quis
632 3982 791 4044 noelurnis
819 3978 971 4058 pulicibus
997 3979 1134 4044 lilillaius

963 4095 980 4143 3
1078 4111 1080 4116 .
