2634 4434
675 307 748 376 248

609 405 817 416 ....-..----

183 545 359 626 impetravit
390 544 543 620 incendii,
557 541 609 630 [et
641 562 658 606 a
691 542 829 606 barbaris
856 541 1045 604 voluntatem
1074 541 1244 605 deditionis

10 663 71 716 νε,
121 701 126 712 ,
183 635 310 740 exegit]
330 645 474 710 Studiose
497 645 579 708 eninr
602 645 759 708 nitebatur
780 644 929 725 integram
945 649 1038 723 atque
1054 643 1243 705 ineolumem

183 748 338 809 civitatem
371 747 521 810 victoriae
552 765 627 810 suae
663 753 771 808 testem
804 744 992 823 relinquere.
1012 719 1019 809 l
1038 743 1244 806 cantabricae

182 847 331 910 victoriae
364 848 447 910 hunc
474 848 622 910 honorem
652 846 765 908 Caesar
792 844 917 921 detulit,
951 852 986 906 ut
1012 851 1085 906 tunc
1115 859 1244 925 quoque

182 946 257 1008 belli
291 956 393 1029 portas
424 948 558 1010 claustro
585 947 724 1009 cohiberi
750 945 881 1026 juberet.
925 944 969 1007 lta
998 951 1072 1007 tunc
1098 946 1242 1007 seeundo

182 1065 240 1126 per
266 1047 443 1127 Caesarem,
470 1057 579 1130 quarto
607 1055 675 1127 post
703 1046 815 1110 Urbem
849 1047 1001 1108 conditam
1036 1043 1162 1108 clausus
1197 1053 1245 1108 est
1306 1071 1307 1074 ¹

183 1146 288 1230 danus.
354 1151 425 1212 Post
455 1150 515 1212 hoc
548 1149 693 1212 Claudius
726 1149 859 1223 DrusuS,
897 1147 1056 1228 privignus
1090 1146 1242 1224 Caesaris,

184 1247 312 1312 Galliam
323 1250 544 1332 llhaetiamqne
560 1252 696 1327 sortitus,
720 1249 867 1310 maximas
889 1247 1133 1328 fortissimasque
1155 1265 1242 1329 gen-

184 1356 231 1410 tes
255 1348 453 1430 Germaniae,
480 1353 573 1413 armis
595 1351 726 1431 subegit.
749 1331 845 1422 [Nam
868 1357 956 1428 tunc,
980 1348 1076 1410 veluti
1097 1348 1136 1410 ad
1159 1365 1241 1410 con-

185 1444 273 1531 [tto]
294 1453 434 1514 stitutum
455 1453 539 1533 pacis
565 1453 647 1514 diem
677 1451 874 1528 festinarent,
903 1451 945 1512 ita
973 1465 1081 1512 omnes
1110 1449 1150 1512 ad
1181 1467 1242 1512 ex-

184 1550 366 1627 perientiam
381 1553 456 1616 belli
471 1553 703 1616 decisionemve
718 1552 852 1614 foederis
867 1551 1004 1613 undatim
1022 1557 1133 1631 gentes
1147 1567 1242 1614 com-

184 1650 403 1716 movebantur:
433 1661 487 1716 aut
515 1662 716 1734 suscepturae
738 1652 931 1716 conditiones
953 1651 1053 1732 pacis,
1072 1651 1103 1713 si
1125 1651 1242 1713 vince-

182 1757 306 1830 rentur,
329 1762 383 1816 aut
403 1757 644 1835 usuraequieta
672 1754 828 1830 libertate,
856 1753 882 1814 si
910 1737 1110 1854 vincerent]
1123 1749 1242 1825 Norici,
1313 1789 1314 1792 =

181 1849 290 1933 Illyrii,
314 1854 472 1932 Pannonii,
494 1855 661 1932 Dalmatae,
688 1853 796 1930 Moesi,
823 1851 967 1930 Thraces,
995 1853 1081 1930 Daci,
1111 1852 1242 1916 Sarma-

182 1958 243 2030 tae,
267 1953 452 2035 plurimique
473 1963 505 2018 et
528 1956 651 2018 maximi
675 1952 857 2016 Germaniae
878 1941 1010 2039 populi)i
1023 1967 1079 2032 per
1100 1953 1244 2015 diversos
1314 1990 1315 1999 κ

4 2066 72 2145 :jeg-
96 2041 289 2146 33²}duoes,
312 2053 363 2114 vel
384 2056 530 2134 superati,
551 2055 604 2118 vel
624 2056 769 2136 repressi,
796 2054 846 2116 vel
873 2055 965 2116 etiam
988 2053 1111 2136 objectu
1135 2055 1242 2115 maxi-

115 2146 301 2215 “'m0rum
324 2153 483 2218 fluminum
505 2155 604 2218 Rheni
626 2155 823 2236 danubiique
851 2154 965 2217 seclusi
992 2161 1071 2217 sunt.
1120 2153 1242 2215 Drusus

183 2256 216 2314 in
244 2252 406 2319 Germania
433 2257 531 2337 primo
558 2257 714 2344 Usipetes,
742 2256 855 2320 deinde
882 2255 1049 2318 'lencteros
1076 2263 1108 2317 et
1136 2254 1243 2317 Cattos

101 2405 108 2414 ,
184 2354 365 2433 perdomuit.
402 2356 634 2420 Marcomannos
655 2375 754 2437 paene
781 2356 818 2420 ad
845 2357 1088 2420 internecionem
1116 2355 1242 2418 cecidit

182 2427 676 2537 PosteaZfortissimasnationes,
701 2458 866 2538 atquibus
895 2464 1003 2519 natura
1030 2458 1130 2535 vires,
1158 2473 1242 2518 oon-

42 2593 87 2662 a„
102 2637 118 2661 u
136 2569 157 2617 ·.
183 2558 315 2619 suetudo
338 2560 562 2638 experientiam
584 2560 696 2622 virium
720 2545 839 2662 dabat]
857 2558 1043 2636 Cheruscos,
1068 2556 1189 2620 Suevos
1212 2564 1243 2620 et

28 2651 32 2659 '
56 2667 94 2686 ⁴·
112 2667 134 2682 ··
185 2653 358 2719 Sicambros
380 2660 494 2738 pariter
514 2676 578 2720 nno
600 2658 698 2736 bello,
727 2659 783 2722 sed
810 2660 901 2721 etiam
924 2660 988 2722 suis
1010 2675 1119 2739 aspero
1142 2675 1241 2739 snpe-

183 2757 272 2818 ravit.
292 2741 298 2841 l
318 2760 455 2833 Quorum
483 2777 524 2821 ex
551 2775 589 2821 eo
612 2760 802 2822 considerari
823 2761 922 2823 virtus
944 2777 981 2822 ae
1002 2759 1110 2822 feritas
1130 2765 1243 2840 potest,

19 2851 45 2900 ='³
58 2892 62 2898 ·
75 2848 124 2890 5·
157 2870 161 2878 ’
184 2859 268 2936 quod
290 2850 436 2924 mulieres
458 2876 585 2940 quoque
606 2878 726 2936 eorum,
748 2860 775 2922 si
798 2861 1110 2940 quando-praeventu
1123 2859 1242 2922 Roma·

184 2975 293 3024 norum
318 2961 400 3022 inter
419 2941 555 3054 plaustra
572 2975 629 3020 sua
643 2958 917 3039 concludebantur,
941 2961 1158 3024 deficientibus
1172 2960 1244 3022 telis

183 3057 235 3118 vel
266 3060 404 3138 qnalibet
430 3077 479 3136 re,
513 3077 574 3138 qua
601 3058 689 3122 velut
716 3059 779 3121 telo
806 3061 852 3123 uti
879 3061 966 3124 luror
989 3061 1104 3142 possit,
1131 3076 1243 3141 parvos

184 3157 263 3224 filios
289 3161 412 3224 collisos
439 3160 524 3222 humi
551 3161 584 3223 in
610 3159 744 3223 hostium
773 3178 826 3224 ora
853 3162 1024 3244 jaciebant,
1052 3163 1084 3224 in
1111 3159 1244 3243 singulis

78 3305 93 3333 .,
149 3292 168 3329 ·,
183 3259 317 3324 filiorum
339 3263 469 3325 necibus
491 3261 539 3324 bis
561 3241 752 3356 parricidae),¹
776 3261 862 3323 Tunc
882 3264 973 3324 ettam
994 3265 1028 3325 in
1047 3260 1154 3324 Africa
1170 3259 1243 3323 hlu-

29 3398 51 3415 -·
74 3369 149 3417 fv·
184 3362 307 3424 solanos
334 3370 366 3426 et
394 3363 521 3426 Getulos
549 3362 640 3424 latius
669 3367 815 3442 vagantes
844 3363 971 3442 CossnS,
1000 3364 1064 3426 dux
1093 3362 1245 3438 Caesaris,

185 3462 296 3525 artatis⁴
312 3461 424 3524 linibus
447 3459 724 3546 coercuit,'satque
750 3461 894 3526 Romanis
917 3463 1065 3526 limitibus
1087 3463 1245 3525 abstinere

185 3569 270 3625 metu
292 3553 464 3656 compulitss
489 3563 611 3625 Interea
634 3562 797 3624 Caesarem
820 3565 901 3644 apud
928 3565 1131 3630 Tarraconem
1161 3563 1244 3624 cite-

183 3662 274 3726 rioris
295 3663 460 3744 Hispaniae
482 3662 590 3725 urbem
612 3664 707 3744 legati
730 3664 873 3728 lndorum
897 3673 929 3728 et
952 3665 1151 3747 Scytharum,
1180 3669 1245 3724 toto

185 3763 261 3828 orbe
288 3765 480 3842 transmisso,
510 3763 632 3827 tandem
663 3764 706 3826 ibi
734 3767 937 3844 invenerunt,
965 3767 1045 3829 ultra
1074 3765 1158 3856 quod
1181 3765 1245 3845 jam

186 3881 338 3940 quaerere
360 3881 422 3926 non
446 3871 581 3948 possent,
602 3862 850 3944 refuderuntque
872 3867 905 3926 in
921 3866 1082 3930 Caesarem
1099 3865 1245 3926 Alexan-

187 3961 233 4023 dri
260 3961 362 4042 Magni
388 3964 533 4044 gloriam:
564 3981 656 4042 quern
687 3965 766 4027 sieut
793 3965 995 4046 hispanorum
1024 3965 1246 4045 Gallorumque
