2634 4434
556 352 637 422 309

495 453 704 464 ψ·

71 591 193 668 animo,
224 589 369 667 consilio,
394 607 503 668 manu,
524 589 653 651 andacia
681 549 879 669 polentiaque
907 589 1018 654 nimius
1048 613 1127 661 con-

71 693 167 755 traxit
195 692 381 753 innumerae
398 690 537 770 undique
565 691 758 770 invictasque
786 689 903 768 copias,
920 691 984 753 'rel
1013 693 1128 761 Roma-

71 811 184 855 norum
206 793 367 872 praesidiis
394 791 445 853 vel
472 790 595 852 auxiliis
624 789 839 865 barbarorum,
868 788 940 852 alibi
969 800 1129 878 potestate,

72 894 149 957 alibi
180 893 363 973 cognatione
390 892 548 957 subnixus.
591 891 754 954 Historiam
782 897 884 950 notam
914 893 1004 955 etiam
1033 899 1131 964 oculis
1206 925 1208 936 Α

72 995 286 1076 plurimorum,
308 1010 398 1072 qnam
415 994 534 1069 melius,
551 993 604 1072 qui
619 998 810 1071 spectavere,
828 1000 990 1072 noverunt,
1013 997 1133 1064 dilatari

72 1094 180 1158 verbis
202 1109 264 1154 non
290 1085 369 1173 bpus
395 1101 450 1156 est.
500 1093 637 1154 Potentia
665 1091 739 1168 Dei,
772 1109 834 1152 non
861 1090 972 1154 fiducia
1000 1095 1132 1164 bominis

73 1196 225 1258 victorem
260 1210 383 1272 semper
414 1193 569 1254 exstitisse
597 1191 819 1271 Theodosium,
842 1191 1041 1274 ‘Arbogestes
1074 1201 1132 1265 iste

73 1296 275 1377 praecipuum
298 1294 329 1353 in
353 1299 485 1372 utroque
507 1294 724 1356 documentum
748 1299 809 1353 est:
834 1295 887 1372 qui
908 1301 940 1356 et
956 1302 1038 1376 tunc,
1062 1319 1132 1364 eum

75 1395 250 1460 'lbeodosio
272 1394 383 1472 paruit,
407 1395 498 1456 tontis
516 1396 697 1457 instructum
714 1393 873 1473 praesidiis
888 1393 1052 1460 Maximum
1068 1402 1134 1482 ipse

76 1498 223 1560 minimus
250 1496 346 1574 oepit,
374 1502 407 1556 et
432 1513 530 1571 nuno,
558 1515 627 1557 cum
656 1496 805 1557 adversus
832 1496 963 1559 eundem
987 1498 1133 1564 'lbeodo-

76 1600 158 1662 sium
181 1596 319 1658 colleotis
342 1595 495 1657 Gallorum
524 1595 774 1675 Francorumque
804 1595 922 1658 viribus
955 1596 1133 1682 exundavit,

77 1701 172 1762 nixus
194 1699 285 1759 etiam
308 1696 472 1776 praecipuo
495 1696 580 1757 cultu
602 1695 764 1772 idolorum,
788 1714 895 1776 magna
912 1704 1012 1760 temen
1029 1699 1133 1764 facili-

79 1809 143 1864 tate
159 1797 330 1861 succubuit.
366 1796 525 1878 Eagenius
548 1803 640 1876 atque
655 1795 844 1877 Arbogastes
867 1797 1029 1862 instructas
1052 1804 1135 1866 acies

79 1901 195 1980 campis
218 1898 433 1979 expedierant,
460 1904 524 1958 arta
553 1895 676 1975 Alpium
704 1896 799 1958 latera
823 1889 920 1979 ¹atque
943 1901 1136 1966 inevitabiles

81 2001 228 2064 transitus
246 1999 421 2080 praemissis
447 1997 557 2059 callide
583 1997 702 2060 insidiis
725 2007 925 2078 occuparantr
949 2009 993 2078 ut,
1018 2005 1137 2067 etiamsi

81 2117 214 2163 nurnero
235 2120 271 2162 ac
293 2101 411 2162 viribus
432 2101 564 2179 impares
587 2097 699 2175 forent,
721 2099 786 2161 sola
809 2107 909 2162 temen
934 2101 1007 2164 belli
1031 2105 1139 2186 dispo-

82 2203 198 2266 sitione
219 2203 362 2263 rictores.
406 2201 448 2261 At
475 2208 552 2260 uero
578 2199 769 2260 Theodosius
797 2201 829 2260 in
856 2203 982 2262 summis
1011 2204 1140 2284 Alpibus

83 2304 285 2378 constitutus,
314 2317 425 2381 expers
451 2300 512 2362 eibi
534 2317 570 2360 ec
592 2300 708 2374 somni,
731 2299 847 2375 sciens,
872 2302 953 2380 quod
976 2301 1140 2372 destitutus

83 2405 166 2482 suis,
199 2403 358 2476 nesciens,
379 2400 469 2485 ,quod
492 2400 613 2460 clausus
642 2399 767 2472 alienis,
796 2399 958 2461 Dominum
988 2403 1140 2466 Christum

83 2503 171 2568 solus
192 2501 301 2577 solum,
324 2502 377 2580 qui
399 2508 503 2578 posset
525 2499 637 2574 omnia,
660 2515 788 2576 corpore
810 2497 895 2561 humi
918 2500 1014 2578 susus,
1039 2511 1141 2567 mente

84 2604 176 2666 coelo
209 2601 304 2675 lixus,
337 2597 451 2660 orabat.
502 2598 620 2659 Debiuc
653 2604 813 2676 postquem
847 2601 1016 2664 insomnem
1051 2602 1140 2680 [560]

84 2708 211 2764 noctem
227 2716 352 2780 precum
368 2699 600 2760 continuatione
622 2699 780 2778 transegit,
804 2704 835 2759 et
857 2707 951 2762 testes
974 2721 1140 2784 propemo-

85 2803 172 2876 dum,
195 2817 271 2880 quas
293 2801 332 2861 iu.
347 2800 476 2879 pretium
500 2799 644 2879 praesidii
665 2798 808 2868 coelestis
827 2799 1023 2879 adpenderat,
1046 2802 1142 2866 lacri-

88 2919 206 2964 marum
229 2900 353 2963 lacunas
382 2899 524 2981 reliquit,
553 2899 737 2962 fiducialiter
764 2917 846 2960 arma
874 2903 1021 2982 corripuit
1048 2905 1158 2984 solus,

89 3003 193 3065 sciens
221 3018 256 3062 se
283 3019 353 3064 esse
381 3019 442 3061 non
471 2999 579 3061 solum.
625 3000 721 3080 Signo
749 3001 850 3061 crucis
877 3002 999 3082 signum
1029 3005 1145 3084 praelio

90 3103 192 3178 dedit,
219 3119 255 3163 ao
283 3119 318 3163 se
340 3102 373 3162 in
394 3099 526 3176 bellum,
549 3099 641 3159 etiam
664 3101 690 3160 si
713 3116 804 3159 nemo
826 3109 1023 3181 sequeretur,
1046 3108 1146 3168 victor

90 3202 214 3265 iuturus
228 3202 361 3264 immisit.
395 3199 494 3261 Prima
514 3197 621 3260 salutis
636 3199 687 3259 ria
703 3200 804 3260 extitit
818 3200 966 3277 Arbitrio,
989 3200 1145 3267 hostilium

91 3303 222 3385 partium
246 3319 364 3364 comes:
401 3302 470 3380 qui,
498 3317 567 3361 cum
595 3297 735 3379 ignarum
763 3298 978 3379 lmperatorem
1008 3304 1145 3366 circum-

92 3404 200 3484 positis
223 3403 395 3481 excepisset
417 3400 547 3480 insidiis,
569 3415 737 3461 conversus
760 3398 797 3461 ad
819 3404 1024 3464 reverentiam
1051 3422 1146 3484 pree-

94 3507 191 3566 sentis
212 3502 346 3583 Augusti
372 3517 435 3562 non
462 3499 561 3562 solum
584 3499 722 3587 periculo
744 3501 900 3579 liberavit,
923 3522 1031 3566 verum
1055 3510 1146 3566 etiarn

93 3604 241 3666 iustruxit
270 3602 391 3686 auxilio.
436 3601 478 3661 At
505 3599 559 3662 ubi
586 3601 624 3662 ad
652 3602 797 3682 contigua
812 3603 999 3664 miscendae
1027 3622 1148 3685 pugnae

95 3704 191 3784 spatia
214 3710 393 3784 perventum
422 3707 484 3778 est,
515 3701 662 3762 continuo
689 3719 817 3782 magnus
845 3703 896 3763 ille
926 3709 958 3762 et
985 3703 1149 3766 ineffabilis

96 3803 187 3866 turbo
209 3811 369 3865 ventorum
392 3802 424 3863 iu
447 3819 500 3863 ora
522 3799 654 3862 bostium
676 3802 745 3864 ruit.
789 3801 978 3862 Ferebantur
999 3819 1054 3881 per
1076 3807 1149 3866 aera

96 3902 327 3984 spicula‘missu
347 3908 520 3964 nostrorum
543 3918 651 3977 manu,
673 3907 765 3978 atque
788 3899 867 3961 ultra
890 3917 1062 3963 mensuram
1084 3901 1161 3980 bu·¹

97 4004 179 4067 mani
201 4002 303 4083 Jactus
329 4019 384 4081 per
413 4016 554 4080 magnum
582 4000 675 4062 inane
703 4004 820 4077 portata
856 4014 1004 4078 nusquam
1033 4019 1149 4084 prope·
1193 4028 1260 4035 μ

940 4113 998 4167 20*
