<?xml version="1.0" encoding="UTF-8"?>
<!DOCTYPE html PUBLIC "-//W3C//DTD XHTML 1.0 Transitional//EN"
    "http://www.w3.org/TR/xhtml1/DTD/xhtml1-transitional.dtd">
<html xmlns="http://www.w3.org/1999/xhtml" xml:lang="en" lang="en">
 <head>
  <title>
</title>
<meta http-equiv="Content-Type" content="text/html;charset=utf-8" />
  <meta name='ocr-system' content='tesseract 3.04.00' />
  <meta name='ocr-capabilities' content='ocr_page ocr_carea ocr_par ocr_line ocrx_word'/>
</head>
<body>
  <div class='ocr_page' id='page_1' title='image "./pauliorosiipres00havegoog_0154.png"; bbox 0 0 2634 4434; ppageno 0'>
   <div class='ocr_carea' id='block_1_1' title="bbox 542 326 612 397">
    <p class='ocr_par' dir='ltr' id='par_1_1' title="bbox 542 326 612 397">
     <span class='ocr_line' id='line_1_1' title="bbox 542 326 612 397; baseline 0 -1"><span class='ocrx_word' id='word_1_1' title='bbox 542 326 612 397; x_wconf 76' lang='lat'>147</span> 
     </span>
    </p>
   </div>
   <div class='ocr_carea' id='block_1_2' title="bbox 472 429 679 439">
    <p class='ocr_par' dir='ltr' id='par_1_2' title="bbox 472 429 679 439">
     <span class='ocr_line' id='line_1_2' title="bbox 472 429 679 439; baseline 0.014 -3"><span class='ocrx_word' id='word_1_2' title='bbox 472 429 679 439; x_wconf 76' lang='lat'>————-</span> 
     </span>
    </p>
   </div>
   <div class='ocr_carea' id='block_1_3' title="bbox 21 559 1196 3748">
    <p class='ocr_par' dir='ltr' id='par_1_3' title="bbox 21 559 1196 3748">
     <span class='ocr_line' id='line_1_3' title="bbox 61 559 1103 642; baseline 0.011 -22"><span class='ocrx_word' id='word_1_3' title='bbox 61 576 134 622; x_wconf 87' lang='lat' dir='ltr'>mam</span> <span class='ocrx_word' id='word_1_4' title='bbox 159 559 290 642; x_wconf 86' lang='lat' dir='ltr'>periculi</span> <span class='ocrx_word' id='word_1_5' title='bbox 316 559 465 624; x_wconf 84' lang='lat' dir='ltr'>adductos</span> <span class='ocrx_word' id='word_1_6' title='bbox 493 571 526 626; x_wconf 92' lang='lat' dir='ltr'>et</span> <span class='ocrx_word' id='word_1_7' title='bbox 558 565 678 628; x_wconf 77' lang='lat' dir='ltr'>insidiis</span> <span class='ocrx_word' id='word_1_8' title='bbox 711 563 843 628; x_wconf 87' lang='lat' dir='ltr'>hostiurn</span> <span class='ocrx_word' id='word_1_9' title='bbox 877 565 1103 630; x_wconf 86' lang='lat' dir='ltr'>circumventus</span> 
     </span>
     <span class='ocr_line' id='line_1_4' title="bbox 59 661 1105 747; baseline 0.009 -26"><span class='ocrx_word' id='word_1_10' title='bbox 59 663 107 722; x_wconf 80' lang='lat' dir='ltr'>aix</span> <span class='ocrx_word' id='word_1_11' title='bbox 136 661 332 724; x_wconf 80' lang='lat' dir='ltr'>Numidarum</span> <span class='ocrx_word' id='word_1_12' title='bbox 365 665 503 743; x_wconf 90' lang='lat' dir='ltr'>equitum</span> <span class='ocrx_word' id='word_1_13' title='bbox 537 665 689 728; x_wconf 90' lang='lat' dir='ltr'>industria</span> <span class='ocrx_word' id='word_1_14' title='bbox 722 663 869 728; x_wconf 86' lang='lat' dir='ltr'>liberatus</span> <span class='ocrx_word' id='word_1_15' title='bbox 902 672 956 728; x_wconf 85' lang='lat' dir='ltr'>est.</span> <span class='ocrx_word' id='word_1_16' title='bbox 1001 666 1105 747; x_wconf 83' lang='lat' dir='ltr'>Scipio</span> 
     </span>
     <span class='ocr_line' id='line_1_5' title="bbox 58 760 1104 846; baseline 0.004 -23"><span class='ocrx_word' id='word_1_17' title='bbox 58 760 213 825; x_wconf 82' lang='lat' dir='ltr'>Africanos</span> <span class='ocrx_word' id='word_1_18' title='bbox 235 765 317 825; x_wconf 89' lang='lat' dir='ltr'>inter</span> <span class='ocrx_word' id='word_1_19' title='bbox 331 771 471 826; x_wconf 87' lang='lat' dir='ltr'>caeteras</span> <span class='ocrx_word' id='word_1_20' title='bbox 486 765 604 846; x_wconf 84' lang='lat' dir='ltr'>legatos</span> <span class='ocrx_word' id='word_1_21' title='bbox 619 766 655 828; x_wconf 93' lang='lat' dir='ltr'>ad</span> <span class='ocrx_word' id='word_1_22' title='bbox 673 765 859 828; x_wconf 73' lang='lat' dir='ltr'>Antiochum</span> <span class='ocrx_word' id='word_1_23' title='bbox 876 767 996 842; x_wconf 89' lang='lat' dir='ltr'>missus,</span> <span class='ocrx_word' id='word_1_24' title='bbox 1013 768 1104 828; x_wconf 88' lang='lat' dir='ltr'>etiam</span> 
     </span>
     <span class='ocr_line' id='line_1_6' title="bbox 58 863 1106 945; baseline 0.004 -22"><span class='ocrx_word' id='word_1_25' title='bbox 58 881 121 930; x_wconf 84' lang='lat' dir='ltr'>cum</span> <span class='ocrx_word' id='word_1_26' title='bbox 152 863 306 925; x_wconf 79' lang='lat' dir='ltr'>Annibale</span> <span class='ocrx_word' id='word_1_27' title='bbox 338 863 524 945; x_wconf 82' lang='lat' dir='ltr'>colloquium</span> <span class='ocrx_word' id='word_1_28' title='bbox 558 866 708 929; x_wconf 82' lang='lat' dir='ltr'>familiare</span> <span class='ocrx_word' id='word_1_29' title='bbox 739 866 852 928; x_wconf 89' lang='lat' dir='ltr'>habuit.</span> <span class='ocrx_word' id='word_1_30' title='bbox 898 863 958 930; x_wconf 91' lang='lat' dir='ltr'>Sed</span> <span class='ocrx_word' id='word_1_31' title='bbox 989 865 1106 928; x_wconf 90' lang='lat' dir='ltr'>iniecto</span> 
     </span>
     <span class='ocr_line' id='line_1_7' title="bbox 56 963 1107 1047; baseline 0.004 -23"><span class='ocrx_word' id='word_1_32' title='bbox 56 964 133 1042; x_wconf 91' lang='lat' dir='ltr'>pacis</span> <span class='ocrx_word' id='word_1_33' title='bbox 159 964 350 1045; x_wconf 69' lang='lat' dir='ltr'>negoti00ab</span> <span class='ocrx_word' id='word_1_34' title='bbox 378 963 531 1028; x_wconf 81' lang='lat' dir='ltr'>Antiocho</span> <span class='ocrx_word' id='word_1_35' title='bbox 558 967 707 1029; x_wconf 90' lang='lat' dir='ltr'>discessit.</span> <span class='ocrx_word' id='word_1_36' title='bbox 751 966 786 1028; x_wconf 94' lang='lat' dir='ltr'>ln</span> <span class='ocrx_word' id='word_1_37' title='bbox 808 974 939 1047; x_wconf 88' lang='lat' dir='ltr'>utraque</span> <span class='ocrx_word' id='word_1_38' title='bbox 961 967 1107 1046; x_wconf 79' lang='lat' dir='ltr'>Hispania</span> 
     </span>
     <span class='ocr_line' id='line_1_8' title="bbox 56 1063 1103 1146; baseline 0.002 -22"><span class='ocrx_word' id='word_1_39' title='bbox 56 1075 107 1142; x_wconf 85' lang='lat' dir='ltr'>per</span> <span class='ocrx_word' id='word_1_40' title='bbox 126 1063 338 1142; x_wconf 87' lang='lat' dir='ltr'>Flamininum,</span> <span class='ocrx_word' id='word_1_41' title='bbox 363 1064 568 1146; x_wconf 83' lang='lat' dir='ltr'>Fulviumque</span> <span class='ocrx_word' id='word_1_42' title='bbox 590 1075 748 1146; x_wconf 86' lang='lat' dir='ltr'>praetores</span> <span class='ocrx_word' id='word_1_43' title='bbox 770 1068 850 1128; x_wconf 91' lang='lat' dir='ltr'>bella</span> <span class='ocrx_word' id='word_1_44' title='bbox 874 1067 1000 1128; x_wconf 88' lang='lat' dir='ltr'>multum</span> <span class='ocrx_word' id='word_1_45' title='bbox 1024 1066 1103 1127; x_wconf 88' lang='lat' dir='ltr'>hor-</span> 
     </span>
     <span class='ocr_line' id='line_1_9' title="bbox 54 1164 1107 1248; baseline 0.003 -25"><span class='ocrx_word' id='word_1_46' title='bbox 54 1164 115 1224; x_wconf 90' lang='lat' dir='ltr'>rida</span> <span class='ocrx_word' id='word_1_47' title='bbox 136 1172 329 1244; x_wconf 91' lang='lat' dir='ltr'>cruentaque</span> <span class='ocrx_word' id='word_1_48' title='bbox 356 1166 498 1246; x_wconf 90' lang='lat' dir='ltr'>utrisque</span> <span class='ocrx_word' id='word_1_49' title='bbox 525 1169 645 1248; x_wconf 90' lang='lat' dir='ltr'>populis</span> <span class='ocrx_word' id='word_1_50' title='bbox 672 1170 759 1248; x_wconf 84' lang='lat' dir='ltr'>&#39;gesta</span> <span class='ocrx_word' id='word_1_51' title='bbox 787 1173 865 1228; x_wconf 90' lang='lat' dir='ltr'>sunt.</span> <span class='ocrx_word' id='word_1_52' title='bbox 909 1169 937 1228; x_wconf 88' lang='lat' dir='ltr'>P.</span> <span class='ocrx_word' id='word_1_53' title='bbox 962 1166 1107 1228; x_wconf 88' lang='lat' dir='ltr'>Cornelio</span> 
     </span>
     <span class='ocr_line' id='line_1_10' title="bbox 56 1262 1105 1349; baseline 0.001 -24"><span class='ocrx_word' id='word_1_54' title='bbox 56 1262 205 1346; x_wconf 84' lang='lat' dir='ltr'>Scipione,</span> <span class='ocrx_word' id='word_1_55' title='bbox 227 1264 274 1327; x_wconf 83' lang='lat' dir='ltr'>ll’.</span> <span class='ocrx_word' id='word_1_56' title='bbox 297 1264 398 1326; x_wconf 88' lang='lat' dir='ltr'>Acilio</span> <span class='ocrx_word' id='word_1_57' title='bbox 414 1264 579 1330; x_wconf 85' lang='lat' dir='ltr'>Glabrione</span> <span class='ocrx_word' id='word_1_58' title='bbox 601 1268 790 1349; x_wconf 90' lang='lat' dir='ltr'>consulibus,</span> <span class='ocrx_word' id='word_1_59' title='bbox 806 1267 976 1330; x_wconf 72' lang='lat' dir='ltr'>Antiochus</span> <span class='ocrx_word' id='word_1_60' title='bbox 993 1283 1105 1346; x_wconf 92' lang='lat' dir='ltr'>qnam-</span> 
     </span>
     <span class='ocr_line' id='line_1_11' title="bbox 53 1365 1104 1448; baseline 0.003 -24"><span class='ocrx_word' id='word_1_61' title='bbox 53 1365 96 1426; x_wconf 84' lang='lat' dir='ltr'>vis</span> <span class='ocrx_word' id='word_1_62' title='bbox 109 1365 331 1446; x_wconf 78' lang='lat' dir='ltr'>Thermopylas</span> <span class='ocrx_word' id='word_1_63' title='bbox 353 1375 543 1448; x_wconf 81' lang='lat' dir='ltr'>occupasset,</span> <span class='ocrx_word' id='word_1_64' title='bbox 567 1387 695 1448; x_wconf 92' lang='lat' dir='ltr'>quarum</span> <span class='ocrx_word' id='word_1_65' title='bbox 720 1370 889 1430; x_wconf 89' lang='lat' dir='ltr'>munimine</span> <span class='ocrx_word' id='word_1_66' title='bbox 912 1369 1007 1430; x_wconf 87' lang='lat' dir='ltr'>tutior</span> <span class='ocrx_word' id='word_1_67' title='bbox 1028 1383 1104 1446; x_wconf 92' lang='lat' dir='ltr'>pro-</span> 
     </span>
     <span class='ocr_line' id='line_1_12' title="bbox 52 1464 1104 1546; baseline 0.004 -22"><span class='ocrx_word' id='word_1_68' title='bbox 52 1470 117 1542; x_wconf 90' lang='lat' dir='ltr'>pter</span> <span class='ocrx_word' id='word_1_69' title='bbox 139 1465 251 1526; x_wconf 91' lang='lat' dir='ltr'>dubios</span> <span class='ocrx_word' id='word_1_70' title='bbox 272 1465 345 1527; x_wconf 94' lang='lat' dir='ltr'>belli</span> <span class='ocrx_word' id='word_1_71' title='bbox 368 1477 499 1530; x_wconf 89' lang='lat' dir='ltr'>eventus</span> <span class='ocrx_word' id='word_1_72' title='bbox 524 1464 628 1546; x_wconf 82' lang='lat' dir='ltr'>lieret,</span> <span class='ocrx_word' id='word_1_73' title='bbox 656 1477 759 1532; x_wconf 88' lang='lat' dir='ltr'>tamen</span> <span class='ocrx_word' id='word_1_74' title='bbox 787 1470 949 1531; x_wconf 90' lang='lat' dir='ltr'>commisso</span> <span class='ocrx_word' id='word_1_75' title='bbox 977 1467 1058 1530; x_wconf 90' lang='lat' dir='ltr'>bello</span> <span class='ocrx_word' id='word_1_76' title='bbox 1088 1485 1104 1528; x_wconf 90' lang='lat' dir='ltr'>a</span> 
     </span>
     <span class='ocr_line' id='line_1_13' title="bbox 52 1561 1105 1649; baseline 0.002 -23"><span class='ocrx_word' id='word_1_77' title='bbox 52 1564 182 1626; x_wconf 89' lang='lat' dir='ltr'>consule</span> <span class='ocrx_word' id='word_1_78' title='bbox 205 1561 368 1627; x_wconf 85' lang='lat' dir='ltr'>Glabrione</span> <span class='ocrx_word' id='word_1_79' title='bbox 391 1575 552 1646; x_wconf 91' lang='lat' dir='ltr'>superatus</span> <span class='ocrx_word' id='word_1_80' title='bbox 573 1571 627 1627; x_wconf 82' lang='lat' dir='ltr'>aix</span> <span class='ocrx_word' id='word_1_81' title='bbox 649 1587 718 1628; x_wconf 93' lang='lat' dir='ltr'>cum</span> <span class='ocrx_word' id='word_1_82' title='bbox 742 1570 846 1647; x_wconf 91' lang='lat' dir='ltr'>paucis</span> <span class='ocrx_word' id='word_1_83' title='bbox 869 1569 948 1649; x_wconf 89' lang='lat' dir='ltr'>iugit</span> <span class='ocrx_word' id='word_1_84' title='bbox 971 1587 988 1630; x_wconf 93' lang='lat' dir='ltr'>e</span> <span class='ocrx_word' id='word_1_85' title='bbox 1010 1585 1105 1646; x_wconf 88' lang='lat' dir='ltr'>prac-</span> 
     </span>
     <span class='ocr_line' id='line_1_14' title="bbox 51 1661 1191 1744; baseline 0.002 -20"><span class='ocrx_word' id='word_1_86' title='bbox 51 1663 91 1725; x_wconf 92' lang='lat' dir='ltr'>lio</span> <span class='ocrx_word' id='word_1_87' title='bbox 124 1661 346 1742; x_wconf 87' lang='lat' dir='ltr'>Ephesumque</span> <span class='ocrx_word' id='word_1_88' title='bbox 378 1666 527 1744; x_wconf 85' lang='lat' dir='ltr'>pervenit.</span> <span class='ocrx_word' id='word_1_89' title='bbox 570 1665 600 1726; x_wconf 93' lang='lat' dir='ltr'>ls</span> <span class='ocrx_word' id='word_1_90' title='bbox 626 1665 771 1728; x_wconf 88' lang='lat' dir='ltr'>habuisse</span> <span class='ocrx_word' id='word_1_91' title='bbox 800 1665 896 1728; x_wconf 86' lang='lat' dir='ltr'>fertur</span> <span class='ocrx_word' id='word_1_92' title='bbox 923 1673 1107 1728; x_wconf 90' lang='lat' dir='ltr'>armatorum</span> <span class='ocrx_word' id='word_1_93' title='bbox 1186 1689 1191 1698; x_wconf 69' lang='lat'>¹</span> 
     </span>
     <span class='ocr_line' id='line_1_15' title="bbox 52 1763 1107 1848; baseline 0.003 -24"><span class='ocrx_word' id='word_1_94' title='bbox 52 1765 211 1845; x_wconf 85' lang='lat' dir='ltr'>sexaginta</span> <span class='ocrx_word' id='word_1_95' title='bbox 235 1763 329 1825; x_wconf 87' lang='lat' dir='ltr'>millia</span> <span class='ocrx_word' id='word_1_96' title='bbox 349 1783 392 1826; x_wconf 85' lang='lat' dir='ltr'>ex</span> <span class='ocrx_word' id='word_1_97' title='bbox 413 1765 526 1844; x_wconf 91' lang='lat' dir='ltr'>quibus</span> <span class='ocrx_word' id='word_1_98' title='bbox 548 1765 749 1848; x_wconf 86' lang='lat' dir='ltr'>quadraginta</span> <span class='ocrx_word' id='word_1_99' title='bbox 773 1766 866 1828; x_wconf 89' lang='lat' dir='ltr'>millia</span> <span class='ocrx_word' id='word_1_100' title='bbox 888 1783 994 1843; x_wconf 89' lang='lat' dir='ltr'>caesa,</span> <span class='ocrx_word' id='word_1_101' title='bbox 1021 1772 1107 1845; x_wconf 89' lang='lat' dir='ltr'>capia</span> 
     </span>
     <span class='ocr_line' id='line_1_16' title="bbox 21 1864 1107 1954; baseline 0.002 -30"><span class='ocrx_word' id='word_1_102' title='bbox 21 1943 25 1954; x_wconf 35' lang='grc' dir='ltr'>Ι</span> <span class='ocrx_word' id='word_1_103' title='bbox 52 1864 117 1943; x_wconf 92' lang='lat' dir='ltr'>plus</span> <span class='ocrx_word' id='word_1_104' title='bbox 140 1881 232 1944; x_wconf 89' lang='lat' dir='ltr'>quam</span> <span class='ocrx_word' id='word_1_105' title='bbox 256 1865 394 1944; x_wconf 90' lang='lat' dir='ltr'>quinque</span> <span class='ocrx_word' id='word_1_106' title='bbox 419 1864 514 1926; x_wconf 89' lang='lat' dir='ltr'>millia</span> <span class='ocrx_word' id='word_1_107' title='bbox 542 1864 638 1928; x_wconf 84' lang='lat' dir='ltr'>luisse</span> <span class='ocrx_word' id='word_1_108' title='bbox 661 1865 845 1927; x_wconf 81' lang='lat' dir='ltr'>reseruntur.</span> <span class='ocrx_word' id='word_1_109' title='bbox 889 1867 978 1928; x_wconf 88' lang='lat' dir='ltr'>Alter</span> <span class='ocrx_word' id='word_1_110' title='bbox 999 1865 1107 1926; x_wconf 88' lang='lat' dir='ltr'>consul</span> 
     </span>
     <span class='ocr_line' id='line_1_17' title="bbox 55 1964 1106 2046; baseline -0.002 -18"><span class='ocrx_word' id='word_1_111' title='bbox 55 1965 155 2045; x_wconf 86' lang='lat' dir='ltr'>Scipio</span> <span class='ocrx_word' id='word_1_112' title='bbox 184 1983 255 2026; x_wconf 90' lang='lat' dir='ltr'>cum</span> <span class='ocrx_word' id='word_1_113' title='bbox 275 1964 420 2027; x_wconf 88' lang='lat' dir='ltr'>Boiorum</span> <span class='ocrx_word' id='word_1_114' title='bbox 443 1972 537 2046; x_wconf 89' lang='lat' dir='ltr'>genie</span> <span class='ocrx_word' id='word_1_115' title='bbox 560 1965 698 2028; x_wconf 85' lang='lat' dir='ltr'>condixit</span> <span class='ocrx_word' id='word_1_116' title='bbox 719 1968 750 2027; x_wconf 91' lang='lat' dir='ltr'>in</span> <span class='ocrx_word' id='word_1_117' title='bbox 774 1983 835 2046; x_wconf 91' lang='lat' dir='ltr'>quo</span> <span class='ocrx_word' id='word_1_118' title='bbox 858 1966 974 2045; x_wconf 91' lang='lat' dir='ltr'>praelio</span> <span class='ocrx_word' id='word_1_119' title='bbox 996 1967 1106 2046; x_wconf 85' lang='lat' dir='ltr'>viginti</span> 
     </span>
     <span class='ocr_line' id='line_1_18' title="bbox 54 2063 1106 2146; baseline -0.001 -20"><span class='ocrx_word' id='word_1_120' title='bbox 54 2066 146 2127; x_wconf 89' lang='lat' dir='ltr'>millia</span> <span class='ocrx_word' id='word_1_121' title='bbox 172 2065 305 2126; x_wconf 92' lang='lat' dir='ltr'>hostium</span> <span class='ocrx_word' id='word_1_122' title='bbox 332 2064 495 2128; x_wconf 86' lang='lat' dir='ltr'>interiecit.</span> <span class='ocrx_word' id='word_1_123' title='bbox 541 2065 691 2146; x_wconf 89' lang='lat' dir='ltr'>Sequenti</span> <span class='ocrx_word' id='word_1_124' title='bbox 714 2084 793 2129; x_wconf 90' lang='lat' dir='ltr'>anno</span> <span class='ocrx_word' id='word_1_125' title='bbox 817 2066 919 2146; x_wconf 90' lang='lat' dir='ltr'>Scipio</span> <span class='ocrx_word' id='word_1_126' title='bbox 942 2063 1106 2127; x_wconf 81' lang='lat' dir='ltr'>Africanus</span> 
     </span>
     <span class='ocr_line' id='line_1_19' title="bbox 53 2165 1137 2242; baseline -0.003 -15"><span class='ocrx_word' id='word_1_127' title='bbox 53 2165 171 2227; x_wconf 92' lang='lat' dir='ltr'>habens</span> <span class='ocrx_word' id='word_1_128' title='bbox 191 2166 224 2226; x_wconf 91' lang='lat' dir='ltr'>iu</span> <span class='ocrx_word' id='word_1_129' title='bbox 245 2165 361 2226; x_wconf 85' lang='lat' dir='ltr'>auxilio</span> <span class='ocrx_word' id='word_1_130' title='bbox 382 2165 552 2228; x_wconf 87' lang='lat' dir='ltr'>Eumenem</span> <span class='ocrx_word' id='word_1_131' title='bbox 574 2166 669 2228; x_wconf 88' lang='lat' dir='ltr'>Attali</span> <span class='ocrx_word' id='word_1_132' title='bbox 692 2167 803 2242; x_wconf 85' lang='lat' dir='ltr'>hlium,</span> <span class='ocrx_word' id='word_1_133' title='bbox 826 2167 974 2228; x_wconf 86' lang='lat' dir='ltr'>adversus</span> <span class='ocrx_word' id='word_1_134' title='bbox 1001 2166 1105 2225; x_wconf 87' lang='lat' dir='ltr'>Anni·</span> <span class='ocrx_word' id='word_1_135' title='bbox 1133 2168 1137 2174; x_wconf 82' lang='grc'><strong>“</strong></span> 
     </span>
     <span class='ocr_line' id='line_1_20' title="bbox 53 2264 1107 2346; baseline -0.002 -20"><span class='ocrx_word' id='word_1_136' title='bbox 53 2265 171 2342; x_wconf 84' lang='lat' dir='ltr'>balam,</span> <span class='ocrx_word' id='word_1_137' title='bbox 203 2266 256 2344; x_wconf 92' lang='lat' dir='ltr'>qui</span> <span class='ocrx_word' id='word_1_138' title='bbox 289 2271 362 2326; x_wconf 90' lang='lat' dir='ltr'>tunc</span> <span class='ocrx_word' id='word_1_139' title='bbox 389 2264 534 2326; x_wconf 84' lang='lat' dir='ltr'>Antiochi</span> <span class='ocrx_word' id='word_1_140' title='bbox 568 2265 658 2328; x_wconf 87' lang='lat' dir='ltr'>classi</span> <span class='ocrx_word' id='word_1_141' title='bbox 687 2273 828 2346; x_wconf 85' lang='lat' dir='ltr'>praeerat</span> <span class='ocrx_word' id='word_1_142' title='bbox 855 2266 969 2328; x_wconf 91' lang='lat' dir='ltr'>bellum</span> <span class='ocrx_word' id='word_1_143' title='bbox 998 2264 1107 2325; x_wconf 78' lang='lat' dir='ltr'>navale</span> 
     </span>
     <span class='ocr_line' id='line_1_21' title="bbox 53 2362 1106 2446; baseline -0.001 -19"><span class='ocrx_word' id='word_1_144' title='bbox 53 2368 148 2446; x_wconf 82' lang='lat' dir='ltr'>gessit</span> <span class='ocrx_word' id='word_1_145' title='bbox 176 2363 361 2442; x_wconf 89' lang='lat' dir='ltr'>Antiochus,</span> <span class='ocrx_word' id='word_1_146' title='bbox 394 2365 477 2426; x_wconf 87' lang='lat' dir='ltr'>vieto</span> <span class='ocrx_word' id='word_1_147' title='bbox 507 2366 662 2427; x_wconf 89' lang='lat' dir='ltr'>Annibale</span> <span class='ocrx_word' id='word_1_148' title='bbox 695 2374 787 2446; x_wconf 89' lang='lat' dir='ltr'>atque</span> <span class='ocrx_word' id='word_1_149' title='bbox 821 2367 852 2426; x_wconf 87' lang='lat' dir='ltr'>ia</span> <span class='ocrx_word' id='word_1_150' title='bbox 881 2365 983 2446; x_wconf 87' lang='lat' dir='ltr'>sugam</span> <span class='ocrx_word' id='word_1_151' title='bbox 1016 2362 1106 2437; x_wconf 73' lang='lat' dir='ltr'>[itt]</span> 
     </span>
     <span class='ocr_line' id='line_1_22' title="bbox 54 2464 1174 2548; baseline -0.004 -22"><span class='ocrx_word' id='word_1_152' title='bbox 54 2473 131 2543; x_wconf 87' lang='lat' dir='ltr'>acto,</span> <span class='ocrx_word' id='word_1_153' title='bbox 155 2464 309 2543; x_wconf 90' lang='lat' dir='ltr'>simulque</span> <span class='ocrx_word' id='word_1_154' title='bbox 327 2465 410 2526; x_wconf 90' lang='lat' dir='ltr'>omni</span> <span class='ocrx_word' id='word_1_155' title='bbox 426 2467 566 2526; x_wconf 86' lang='lat' dir='ltr'>exercitu</span> <span class='ocrx_word' id='word_1_156' title='bbox 581 2468 693 2528; x_wconf 88' lang='lat' dir='ltr'>amisso</span> <span class='ocrx_word' id='word_1_157' title='bbox 707 2482 813 2542; x_wconf 89' lang='lat' dir='ltr'>pacem</span> <span class='ocrx_word' id='word_1_158' title='bbox 828 2467 964 2544; x_wconf 87' lang='lat' dir='ltr'>rogavit:</span> <span class='ocrx_word' id='word_1_159' title='bbox 988 2464 1107 2523; x_wconf 85' lang='lat' dir='ltr'>filium·</span> <span class='ocrx_word' id='word_1_160' title='bbox 1169 2541 1174 2548; x_wconf 18' lang='grc' dir='ltr'><strong>η</strong></span> 
     </span>
     <span class='ocr_line' id='line_1_23' title="bbox 54 2563 1106 2645; baseline -0.003 -18"><span class='ocrx_word' id='word_1_161' title='bbox 54 2584 114 2645; x_wconf 92' lang='lat' dir='ltr'>que</span> <span class='ocrx_word' id='word_1_162' title='bbox 137 2563 287 2641; x_wconf 85' lang='lat' dir='ltr'>Africani,</span> <span class='ocrx_word' id='word_1_163' title='bbox 310 2581 403 2645; x_wconf 90' lang='lat' dir='ltr'>quem</span> <span class='ocrx_word' id='word_1_164' title='bbox 424 2572 526 2626; x_wconf 90' lang='lat' dir='ltr'>utrum</span> <span class='ocrx_word' id='word_1_165' title='bbox 550 2565 771 2645; x_wconf 88' lang='lat' dir='ltr'>explorantem,</span> <span class='ocrx_word' id='word_1_166' title='bbox 795 2581 833 2624; x_wconf 90' lang='lat' dir='ltr'>au</span> <span class='ocrx_word' id='word_1_167' title='bbox 856 2565 888 2623; x_wconf 92' lang='lat' dir='ltr'>in</span> <span class='ocrx_word' id='word_1_168' title='bbox 910 2563 1026 2644; x_wconf 90' lang='lat' dir='ltr'>praelio</span> <span class='ocrx_word' id='word_1_169' title='bbox 1049 2579 1106 2624; x_wconf 90' lang='lat' dir='ltr'>ee-</span> 
     </span>
     <span class='ocr_line' id='line_1_24' title="bbox 53 2663 1108 2747; baseline -0.004 -19"><span class='ocrx_word' id='word_1_170' title='bbox 53 2669 150 2747; x_wconf 89' lang='lat' dir='ltr'>pisset</span> <span class='ocrx_word' id='word_1_171' title='bbox 179 2667 329 2726; x_wconf 88' lang='lat' dir='ltr'>incertum</span> <span class='ocrx_word' id='word_1_172' title='bbox 360 2672 408 2727; x_wconf 90' lang='lat' dir='ltr'>est</span> <span class='ocrx_word' id='word_1_173' title='bbox 436 2666 518 2727; x_wconf 89' lang='lat' dir='ltr'>ultro</span> <span class='ocrx_word' id='word_1_174' title='bbox 545 2665 671 2728; x_wconf 89' lang='lat' dir='ltr'>remisit.</span> <span class='ocrx_word' id='word_1_175' title='bbox 716 2663 749 2726; x_wconf 90' lang='lat' dir='ltr'>ln</span> <span class='ocrx_word' id='word_1_176' title='bbox 783 2663 928 2744; x_wconf 89' lang='lat' dir='ltr'>Hispania</span> <span class='ocrx_word' id='word_1_177' title='bbox 960 2663 1108 2725; x_wconf 87' lang='lat' dir='ltr'>ulteriore</span> 
     </span>
     <span class='ocr_line' id='line_1_25' title="bbox 52 2765 1109 2846; baseline -0.005 -18"><span class='ocrx_word' id='word_1_178' title='bbox 52 2767 84 2829; x_wconf 89' lang='lat' dir='ltr'>L.</span> <span class='ocrx_word' id='word_1_179' title='bbox 107 2766 260 2828; x_wconf 90' lang='lat' dir='ltr'>Aemilius</span> <span class='ocrx_word' id='word_1_180' title='bbox 286 2767 470 2846; x_wconf 89' lang='lat' dir='ltr'>proconsule</span> <span class='ocrx_word' id='word_1_181' title='bbox 492 2785 510 2827; x_wconf 95' lang='lat' dir='ltr'>a</span> <span class='ocrx_word' id='word_1_182' title='bbox 530 2765 685 2828; x_wconf 88' lang='lat' dir='ltr'>Lusitanis</span> <span class='ocrx_word' id='word_1_183' title='bbox 707 2783 776 2827; x_wconf 90' lang='lat' dir='ltr'>cum</span> <span class='ocrx_word' id='word_1_184' title='bbox 798 2766 945 2826; x_wconf 86' lang='lat' dir='ltr'>universo</span> <span class='ocrx_word' id='word_1_185' title='bbox 968 2767 1109 2824; x_wconf 88' lang='lat' dir='ltr'>exercitu</span> 
     </span>
     <span class='ocr_line' id='line_1_26' title="bbox 55 2863 1108 2947; baseline -0.003 -19"><span class='ocrx_word' id='word_1_186' title='bbox 55 2883 166 2929; x_wconf 88' lang='lat' dir='ltr'>caesus</span> <span class='ocrx_word' id='word_1_187' title='bbox 194 2867 320 2928; x_wconf 85' lang='lat' dir='ltr'>interiit.</span> <span class='ocrx_word' id='word_1_188' title='bbox 364 2866 397 2928; x_wconf 89' lang='lat' dir='ltr'>L.</span> <span class='ocrx_word' id='word_1_189' title='bbox 427 2866 560 2929; x_wconf 89' lang='lat' dir='ltr'>Baebius</span> <span class='ocrx_word' id='word_1_190' title='bbox 589 2867 620 2928; x_wconf 92' lang='lat' dir='ltr'>in</span> <span class='ocrx_word' id='word_1_191' title='bbox 653 2866 829 2947; x_wconf 86' lang='lat' dir='ltr'>Hispaniam</span> <span class='ocrx_word' id='word_1_192' title='bbox 862 2863 1059 2944; x_wconf 80' lang='lat' dir='ltr'>proficiscens</span> <span class='ocrx_word' id='word_1_193' title='bbox 1091 2881 1108 2925; x_wconf 91' lang='lat' dir='ltr'>a</span> 
     </span>
     <span class='ocr_line' id='line_1_27' title="bbox 54 2956 1106 3050; baseline -0.004 -21"><span class='ocrx_word' id='word_1_194' title='bbox 54 2967 222 3050; x_wconf 81' lang='lat' dir='ltr'>Liguribus</span> <span class='ocrx_word' id='word_1_195' title='bbox 244 2956 482 3048; x_wconf 81' lang='lat' dir='ltr'>circumuentus,</span> <span class='ocrx_word' id='word_1_196' title='bbox 504 2985 573 3029; x_wconf 89' lang='lat' dir='ltr'>cnm</span> <span class='ocrx_word' id='word_1_197' title='bbox 589 2967 737 3030; x_wconf 89' lang='lat' dir='ltr'>universo</span> <span class='ocrx_word' id='word_1_198' title='bbox 753 2967 893 3049; x_wconf 84' lang='lat' dir='ltr'>exercitu</span> <span class='ocrx_word' id='word_1_199' title='bbox 909 2965 1030 3028; x_wconf 87' lang='lat' dir='ltr'>occisus</span> <span class='ocrx_word' id='word_1_200' title='bbox 1045 2972 1106 3026; x_wconf 91' lang='lat' dir='ltr'>est:</span> 
     </span>
     <span class='ocr_line' id='line_1_28' title="bbox 55 3067 1108 3146; baseline -0.004 -16"><span class='ocrx_word' id='word_1_201' title='bbox 55 3069 139 3130; x_wconf 90' lang='lat' dir='ltr'>unde</span> <span class='ocrx_word' id='word_1_202' title='bbox 160 3067 240 3128; x_wconf 87' lang='lat' dir='ltr'>adeo</span> <span class='ocrx_word' id='word_1_203' title='bbox 261 3085 301 3128; x_wconf 90' lang='lat' dir='ltr'>ne</span> <span class='ocrx_word' id='word_1_204' title='bbox 323 3068 470 3128; x_wconf 90' lang='lat' dir='ltr'>nuncium</span> <span class='ocrx_word' id='word_1_205' title='bbox 494 3067 618 3146; x_wconf 90' lang='lat' dir='ltr'>quidem</span> <span class='ocrx_word' id='word_1_206' title='bbox 640 3068 831 3146; x_wconf 81' lang='lat' dir='ltr'>superfuisse</span> <span class='ocrx_word' id='word_1_207' title='bbox 852 3073 982 3142; x_wconf 89' lang='lat' dir='ltr'>constat,</span> <span class='ocrx_word' id='word_1_208' title='bbox 1005 3072 1039 3126; x_wconf 89' lang='lat' dir='ltr'>ut</span> <span class='ocrx_word' id='word_1_209' title='bbox 1054 3067 1108 3126; x_wconf 91' lang='lat' dir='ltr'>iu-</span> 
     </span>
     <span class='ocr_line' id='line_1_29' title="bbox 56 3165 1110 3246; baseline -0.004 -16"><span class='ocrx_word' id='word_1_210' title='bbox 56 3168 266 3231; x_wconf 89' lang='lat' dir='ltr'>ternecionem</span> <span class='ocrx_word' id='word_1_211' title='bbox 287 3169 382 3246; x_wconf 90' lang='lat' dir='ltr'>ipsam</span> <span class='ocrx_word' id='word_1_212' title='bbox 397 3165 511 3227; x_wconf 85' lang='lat' dir='ltr'>Romae</span> <span class='ocrx_word' id='word_1_213' title='bbox 526 3165 733 3228; x_wconf 86' lang='lat' dir='ltr'>Massilienses</span> <span class='ocrx_word' id='word_1_214' title='bbox 756 3167 903 3226; x_wconf 90' lang='lat' dir='ltr'>nunciare</span> <span class='ocrx_word' id='word_1_215' title='bbox 926 3165 1110 3227; x_wconf 82' lang='lat' dir='ltr'>curaverint.</span> 
     </span>
     <span class='ocr_line' id='line_1_30' title="bbox 56 3265 1111 3346; baseline -0.001 -17"><span class='ocrx_word' id='word_1_216' title='bbox 56 3269 182 3331; x_wconf 81' lang='lat' dir='ltr'>Fulvius</span> <span class='ocrx_word' id='word_1_217' title='bbox 212 3267 326 3329; x_wconf 84' lang='lat' dir='ltr'>Consul</span> <span class='ocrx_word' id='word_1_218' title='bbox 353 3268 391 3330; x_wconf 92' lang='lat' dir='ltr'>de</span> <span class='ocrx_word' id='word_1_219' title='bbox 419 3265 547 3329; x_wconf 85' lang='lat' dir='ltr'>Graecia</span> <span class='ocrx_word' id='word_1_220' title='bbox 574 3267 607 3327; x_wconf 92' lang='lat' dir='ltr'>in</span> <span class='ocrx_word' id='word_1_221' title='bbox 636 3265 892 3346; x_wconf 82' lang='lat' dir='ltr'>Gallograeciam,</span> <span class='ocrx_word' id='word_1_222' title='bbox 921 3281 1000 3342; x_wconf 92' lang='lat' dir='ltr'>quae</span> <span class='ocrx_word' id='word_1_223' title='bbox 1027 3281 1111 3328; x_wconf 86' lang='lat' dir='ltr'>nunc</span> 
     </span>
     <span class='ocr_line' id='line_1_31' title="bbox 57 3366 1110 3448; baseline -0.001 -19"><span class='ocrx_word' id='word_1_224' title='bbox 57 3376 103 3430; x_wconf 90' lang='lat' dir='ltr'>est</span> <span class='ocrx_word' id='word_1_225' title='bbox 125 3367 243 3430; x_wconf 88' lang='lat' dir='ltr'>Galatia</span> <span class='ocrx_word' id='word_1_226' title='bbox 265 3375 457 3430; x_wconf 79' lang='lat' dir='ltr'>transvectus</span> <span class='ocrx_word' id='word_1_227' title='bbox 478 3367 516 3429; x_wconf 91' lang='lat' dir='ltr'>ad</span> <span class='ocrx_word' id='word_1_228' title='bbox 539 3367 702 3448; x_wconf 78' lang='lat' dir='ltr'>Olympum</span> <span class='ocrx_word' id='word_1_229' title='bbox 725 3371 858 3426; x_wconf 86' lang='lat' dir='ltr'>montem</span> <span class='ocrx_word' id='word_1_230' title='bbox 886 3366 1043 3445; x_wconf 85' lang='lat' dir='ltr'>pervenit,</span> <span class='ocrx_word' id='word_1_231' title='bbox 1072 3367 1110 3428; x_wconf 89' lang='lat' dir='ltr'>ad</span> 
     </span>
     <span class='ocr_line' id='line_1_32' title="bbox 57 3465 1109 3548; baseline 0 -18"><span class='ocrx_word' id='word_1_232' title='bbox 57 3486 149 3548; x_wconf 88' lang='lat' dir='ltr'>quem</span> <span class='ocrx_word' id='word_1_233' title='bbox 172 3470 312 3530; x_wconf 84' lang='lat' dir='ltr'>universi</span> <span class='ocrx_word' id='word_1_234' title='bbox 335 3466 526 3546; x_wconf 87' lang='lat' dir='ltr'>Gallograeci</span> <span class='ocrx_word' id='word_1_235' title='bbox 549 3485 618 3528; x_wconf 94' lang='lat' dir='ltr'>cum</span> <span class='ocrx_word' id='word_1_236' title='bbox 641 3465 825 3548; x_wconf 88' lang='lat' dir='ltr'>conjugibus</span> <span class='ocrx_word' id='word_1_237' title='bbox 848 3473 879 3528; x_wconf 87' lang='lat' dir='ltr'>ct</span> <span class='ocrx_word' id='word_1_238' title='bbox 901 3465 1006 3529; x_wconf 87' lang='lat' dir='ltr'>liberis</span> <span class='ocrx_word' id='word_1_239' title='bbox 1029 3487 1109 3530; x_wconf 84' lang='lat' dir='ltr'>con-</span> 
     </span>
     <span class='ocr_line' id='line_1_33' title="bbox 57 3565 1196 3650; baseline 0.001 -24"><span class='ocrx_word' id='word_1_240' title='bbox 57 3567 216 3648; x_wconf 84' lang='lat' dir='ltr'>fugerant,</span> <span class='ocrx_word' id='word_1_241' title='bbox 239 3569 346 3648; x_wconf 88' lang='lat' dir='ltr'>ibique</span> <span class='ocrx_word' id='word_1_242' title='bbox 368 3565 597 3628; x_wconf 89' lang='lat' dir='ltr'>acerbissimum</span> <span class='ocrx_word' id='word_1_243' title='bbox 629 3568 742 3630; x_wconf 89' lang='lat' dir='ltr'>bellum</span> <span class='ocrx_word' id='word_1_244' title='bbox 772 3569 883 3650; x_wconf 84' lang='lat' dir='ltr'>gessit,</span> <span class='ocrx_word' id='word_1_245' title='bbox 911 3585 1045 3648; x_wconf 88' lang='lat' dir='ltr'>namque</span> <span class='ocrx_word' id='word_1_246' title='bbox 1072 3569 1111 3628; x_wconf 89' lang='lat' dir='ltr'>de</span> <span class='ocrx_word' id='word_1_247' title='bbox 1193 3642 1196 3646; x_wconf 19' lang='grc' dir='ltr'>Ι</span> 
     </span>
     <span class='ocr_line' id='line_1_34' title="bbox 58 3665 1111 3748; baseline -0.006 -20"><span class='ocrx_word' id='word_1_248' title='bbox 58 3668 271 3748; x_wconf 83' lang='lat' dir='ltr'>superioribus</span> <span class='ocrx_word' id='word_1_249' title='bbox 291 3669 367 3730; x_wconf 90' lang='lat' dir='ltr'>locis</span> <span class='ocrx_word' id='word_1_250' title='bbox 388 3668 507 3748; x_wconf 88' lang='lat' dir='ltr'>sagittis</span> <span class='ocrx_word' id='word_1_251' title='bbox 529 3668 696 3748; x_wconf 87' lang='lat' dir='ltr'>grandibus</span> <span class='ocrx_word' id='word_1_252' title='bbox 718 3671 814 3747; x_wconf 83' lang='lat' dir='ltr'>saxis,</span> <span class='ocrx_word' id='word_1_253' title='bbox 844 3670 1018 3746; x_wconf 87' lang='lat' dir='ltr'>ceterisque</span> <span class='ocrx_word' id='word_1_254' title='bbox 1042 3665 1111 3724; x_wconf 87' lang='lat' dir='ltr'>telis</span> 
     </span>
    </p>
   </div>
   <div class='ocr_carea' id='block_1_4' title="bbox 57 3767 1112 3934">
    <p class='ocr_par' dir='ltr' id='par_1_4' title="bbox 57 3767 1112 3934">
     <span class='ocr_line' id='line_1_35' title="bbox 57 3767 1111 3848; baseline -0.002 -21"><span class='ocrx_word' id='word_1_255' title='bbox 57 3767 188 3830; x_wconf 80' lang='lat' dir='ltr'>Romani</span> <span class='ocrx_word' id='word_1_256' title='bbox 221 3769 359 3848; x_wconf 87' lang='lat' dir='ltr'>graviter</span> <span class='ocrx_word' id='word_1_257' title='bbox 394 3769 516 3830; x_wconf 88' lang='lat' dir='ltr'>contriti</span> <span class='ocrx_word' id='word_1_258' title='bbox 553 3769 674 3830; x_wconf 89' lang='lat' dir='ltr'>tandem</span> <span class='ocrx_word' id='word_1_259' title='bbox 710 3785 808 3848; x_wconf 90' lang='lat' dir='ltr'>usqne</span> <span class='ocrx_word' id='word_1_260' title='bbox 842 3768 881 3828; x_wconf 91' lang='lat' dir='ltr'>ad</span> <span class='ocrx_word' id='word_1_261' title='bbox 913 3777 1111 3842; x_wconf 86' lang='lat' dir='ltr'>congressum</span> 
     </span>
     <span class='ocr_line' id='line_1_36' title="bbox 58 3849 1112 3934; baseline -0.002 -22"><span class='ocrx_word' id='word_1_262' title='bbox 58 3851 191 3914; x_wconf 88' lang='lat' dir='ltr'>hostium</span> <span class='ocrx_word' id='word_1_263' title='bbox 214 3859 429 3932; x_wconf 88' lang='lat' dir='ltr'>perruperunt,</span> <span class='ocrx_word' id='word_1_264' title='bbox 453 3853 653 3934; x_wconf 86' lang='lat' dir='ltr'>quadraginta</span> <span class='ocrx_word' id='word_1_265' title='bbox 675 3853 769 3914; x_wconf 86' lang='lat' dir='ltr'>millia</span> <span class='ocrx_word' id='word_1_266' title='bbox 785 3849 1051 3928; x_wconf 86' lang='lat' dir='ltr'>Gallograecorum</span> <span class='ocrx_word' id='word_1_267' title='bbox 1074 3865 1112 3910; x_wconf 90' lang='lat' dir='ltr'>eo</span> 
     </span>
    </p>
   </div>
   <div class='ocr_carea' id='block_1_5' title="bbox 59 3945 1111 4030">
    <p class='ocr_par' dir='ltr' id='par_1_5' title="bbox 59 3945 1111 4030">
     <span class='ocr_line' id='line_1_37' title="bbox 59 3945 1111 4030; baseline -0.006 -16"><span class='ocrx_word' id='word_1_268' title='bbox 59 3953 174 4030; x_wconf 86' lang='lat' dir='ltr'>praelio</span> <span class='ocrx_word' id='word_1_269' title='bbox 198 3952 362 4018; x_wconf 87' lang='lat' dir='ltr'>interiecta</span> <span class='ocrx_word' id='word_1_270' title='bbox 381 3953 566 4016; x_wconf 84' lang='lat' dir='ltr'>reseruntur.</span> <span class='ocrx_word' id='word_1_271' title='bbox 604 3951 734 4014; x_wconf 88' lang='lat' dir='ltr'>Marcius</span> <span class='ocrx_word' id='word_1_272' title='bbox 758 3945 865 4010; x_wconf 89' lang='lat' dir='ltr'>consul</span> <span class='ocrx_word' id='word_1_273' title='bbox 888 3945 1034 4007; x_wconf 87' lang='lat' dir='ltr'>adversus</span> <span class='ocrx_word' id='word_1_274' title='bbox 1056 3947 1111 4008; x_wconf 89' lang='lat' dir='ltr'>Li-</span> 
     </span>
    </p>
   </div>
   <div class='ocr_carea' id='block_1_6' title="bbox 0 0 1325 4434">
    <p class='ocr_par' dir='ltr' id='par_1_6' title="bbox 0 0 1325 4434">
     <span class='ocr_line' id='line_1_38' title="bbox 0 0 1325 4434; baseline 0 0"><span class='ocrx_word' id='word_1_275' title='bbox 0 0 1325 4434; x_wconf 95' lang='lat' dir='ltr'> </span> 
     </span>
    </p>
   </div>
  </div>
 </body>
</html>
