2634 4434
469 340 676 451 *ἕρ-[η

51 576 166 657 pulsare
189 575 280 639 armis
303 573 479 639 Occidentis
503 576 790 659 Septentrionisque
813 578 992 641 fortissimas
1013 570 1100 661 gcn'-¹

48 684 93 739 tes
120 677 296 759 cogebatur.
342 676 496 740 Sertorius
518 678 671 759 siquidem
694 682 743 740 vir
764 680 834 741 dolo
857 687 949 759 atque
972 679 1098 744 audacia
1155 734 1167 756 ,

48 784 168 857 polens,
192 776 413 857 campanium
435 776 637 841 Marianarum
665 779 791 857 fuisset,
821 779 934 843 Sullam
964 778 1098 862 fugiens,

48 896 86 939 ex
113 878 217 941 Africa
246 878 380 959 dilapsus
408 882 440 940 in
468 872 627 959 Hispanias
654 880 903 942 bellicosissimas
929 887 1040 963 gentes
1066 884 1101 945 itt

47 998 125 1041 arma
148 980 303 1041 excitavit.
347 979 506 1042 Adversus
528 980 621 1059 huuc,
644 988 679 1042 ut
700 980 838 1043 breviter
859 980 1013 1058 definiam,
1037 981 1099 1045 duo

47 1080 138 1142 duces
172 1080 256 1143 missi
283 1078 426 1143 Metellus
459 1088 491 1142 et
519 1081 688 1169 Domitius:
723 1092 852 1161 quorum
880 1082 1033 1144 Domitius
1059 1083 1099 1145 ab

46 1179 194 1245 Hirtuleio
211 1182 340 1246 Sertorii
361 1180 441 1244 duce
463 1192 532 1257 oum
555 1182 695 1244 exercitu
717 1190 880 1261 oppressus
903 1188 958 1245 est.
995 1181 1099 1273 ilani*

46 1279 118 1359 lius,
153 1282 338 1363 proconsule
366 1281 482 1345 Galliae
511 1283 542 1345 iu
569 1276 744 1362 Hispaniam
774 1300 844 1344 cum
877 1273 975 1345 tribus
1009 1271 1098 1368 [356]

45 1380 220 1463 legionibus
242 1390 273 1443 et
295 1383 378 1445 mille
401 1385 577 1466 quingentis
600 1380 756 1463 equitibus¹
779 1389 1005 1466 transgressus,
1031 1386 1097 1448 ini-

44 1498 136 1562 quam
159 1499 229 1543 cum
251 1482 401 1544 Hirtuleio
422 1500 555 1565 pugnam
579 1485 752 1545 conseruit:
781 1502 799 1545 a
822 1500 885 1565 quo
907 1486 1015 1548 castris
1037 1488 1096 1549 co-

42 1583 167 1662 piisque
195 1582 326 1643 nudatus
354 1584 385 1643 in
414 1584 556 1661 oppidum
583 1583 712 1645 Ilerdam
739 1602 838 1663 paene
864 1584 949 1645 solus
974 1585 1098 1668 refugit.

45 1682 190 1745 Metellus
206 1680 309 1743 multis
324 1682 447 1762 praeliis
464 1680 618 1765 fatigatus,
633 1701 689 1763 per
708 1682 799 1745 devia
818 1683 965 1745 oberrans
979 1684 1099 1747 bostem

44 1800 127 1845 mora
143 1780 308 1867 inligabat,
331 1782 431 1844 donec
445 1782 581 1862 Pompeii
603 1784 710 1845 castris
732 1784 969 1846 consociaretur.
1005 1784 1099 1846 Pom-

45 1885 131 1963 peius
155 1889 324 1943 contracto
342 1882 421 1961 apud
449 1882 622 1945 Pallantiam
653 1885 794 1945 exercitu
820 1882 992 1945 Lauronem
1016 1888 1099 1948 clri-

46 1990 153 2060 tatem,
186 2000 275 2062 quam
306 1989 383 2055 tunc
409 1982 562 2045 Sertorius
590 1985 800 2066 oppugnabat,
830 1982 943 2046 frustra
972 1994 1100 2049 conatus

47 2082 213 2145 defendere
246 2084 346 2145 victus
382 2081 510 2165 aufugit.
567 2084 722 2147 Sertorius
754 2092 897 2165 superato
931 2084 1100 2166 fugatoque

46 2184 188 2264 Pompeio
220 2183 392 2245 Lauronem
426 2190 543 2263 captam
570 2186 785 2247 cruentissime
807 2183 1009 2263 depopulatus
1034 2193 1097 2246 est:

46 2284 198 2365 reliquum
219 2292 329 2365 agmon
345 2284 598 2359 lauronensium,
622 2285 706 2363 quod
727 2284 874 2346 caedibus
896 2283 1100 2363 superfuerat,

47 2384 213 2447 miserabili
236 2386 268 2446 in
289 2383 476 2445 Lusitaniam
500 2385 676 2462 captivitate
699 2384 880 2445 transduxit.
925 2383 1101 2463 Pompeium

47 2492 160 2563 autem,
183 2484 242 2545 hoc
259 2490 320 2545 esta
345 2482 430 2544 illum
446 2482 651 2543 Romanorum
667 2482 777 2543 ducem
793 2502 810 2543 a
825 2498 859 2543 se
875 2481 972 2542 luisse
986 2484 1102 2545 victum

47 2584 195 2665 gloriatus
218 2590 280 2661 est,
304 2599 395 2663 quem
418 2592 528 2663 magna
548 2580 719 2661 praeditum
735 2580 845 2643 fiducia
861 2580 898 2643 ad
914 2580 972 2642 boc
988 2581 1102 2644 bellum

47 2702 105 2746 non
127 2702 187 2767 pro
210 2683 347 2759 consule,
370 2682 425 2745 sed
447 2699 502 2762 pro
518 2682 696 2744 consulibus
710 2682 805 2745 Roma
820 2682 962 2745 misisset.
996 2682 1102 2747 Fuisse

47 2791 118 2847 tunc
139 2786 286 2865 Pompeio
308 2784 433 2865 triginta
456 2782 549 2846 millia
572 2783 725 2864 peditum,
754 2782 838 2844 mille
860 2784 982 2862 equites
1005 2781 1104 2845 Galba

48 2886 167 2949 scribit:
200 2884 367 2947 Sertorium
401 2892 503 2947 autem
535 2885 695 2966 sexaginta
729 2884 822 2946 millia
849 2882 1003 2963 peditum,
1033 2890 1102 2944 octc

49 2986 141 3047 millia
166 2988 304 3065 equitum
327 2984 471 3047 babuisse
494 2993 720 3049 commemorat.
763 2986 871 3047 Postea
894 2997 970 3045 vero
991 2982 1102 3045 Hirtu-

52 3086 131 3149 leius
149 3103 218 3147 cum
234 3084 357 3147 Metello
380 3100 565 3166 congressus
587 3083 667 3163 apud
682 3084 817 3145 ltalicam
832 3083 975 3145 Baeticae
990 3082 1104 3145 Urbem

49 3188 160 3269 uiginti
185 3182 280 3247 millia
308 3184 437 3246 militum
465 3181 612 3265 perdidit:
641 3184 804 3263 victusque
832 3184 865 3244 iu
891 3177 986 3243 Lusi-
1015 3178 1104 3263 [357]

51 3289 160 3350 taniam
190 3304 259 3349 cum
286 3286 391 3364 paucis
418 3282 542 3367 refugit.
585 3284 746 3365 Pompeius
774 3271 935 3363 Segidam,
968 3281 1103 3345 nobilem

52 3386 237 3449 Celtiberiae
265 3384 391 3462 urbem,
420 3386 509 3463 cepit.
555 3383 709 3447 Sertorius
732 3382 844 3445 deiude
867 3397 937 3443 cum
959 3382 1104 3464 Pompeio

52 3492 235 3568 congressus
268 3486 375 3547 decem
403 3484 497 3545 millia
526 3484 655 3547 militum
679 3484 745 3564 ejus
767 3482 931 3548 interfecit.
974 3483 1022 3545 Ex
1043 3485 1104 3545 alio

53 3600 147 3649 cornu
174 3588 320 3648 uincente
341 3586 500 3666 Pompeio,
528 3586 716 3649 tantumdem
744 3602 854 3668 paene,
870 3587 936 3665 ipse
964 3578 1104 3663 perdidit.

52 3684 144 3749 llulta
173 3688 255 3748 inter
281 3699 336 3749 eos
363 3692 522 3765 practerea
556 3687 670 3769 praelia
702 3694 790 3769 gesta
821 3692 901 3749 sunt.
945 3681 1105 3742 blemmius

54 3793 197 3864 quaestor
227 3781 377 3866 Pompeii,
411 3788 556 3869 idemque
589 3790 637 3851 vir
662 3788 778 3850 sororis
806 3784 873 3863 ejus
901 3782 1022 3843 occisus
1049 3783 1105 3838 est.

53 3884 194 3949 Hirtuleii
221 3886 331 3950 fratres
352 3887 517 3952 interfecti,
561 3888 714 3968 Perperna
736 3884 790 3964 qui
812 3898 847 3943 se
870 3879 1008 3943 Sertorio
1025 3879 1106 3959 jun*

53 3994 155 4066 xerat,
179 3990 383 4053 comminutus
407 3996 461 4051 est.
505 3988 663 4049 Postremo
692 3986 760 4064 ipse
787 3980 958 4055 Sertorius,
986 3978 1072 4042 decr

897 4091 953 4142 la*

419 4301 448 4389 9
