2634 4434
647 336 655 344 ·
677 305 752 376 290

610 409 816 419 ...ι-...κι-

189 543 270 606 tilius
297 549 366 628 tote
390 542 465 604 orbe
493 541 665 604 Christiani.
708 542 861 603 tenemus
883 541 1011 603 evidens
1034 541 1252 603 testimonium
1314 597 1315 622 3

188 649 292 720 tuum,
321 643 434 704 nnllam
464 643 656 722 superiorem
676 643 922 722 persecutionem
945 642 1022 704 adeo
1044 642 1094 702 vel
1118 661 1251 722 marem
1314 687 1315 724 3

188 743 242 804 vel
262 743 440 804 diuturnam·
459 741 565 802 luisse.
609 741 770 803 uelamen
795 761 868 804 ecce
890 744 971 804 inter
993 742 1253 822 tranquillissima

190 838 277 923 {sal}
307 850 476 922 temporum
506 843 585 902 hona
613 844 746 921 ipsorum
775 860 900 922 quoqne
928 843 1164 922 imperatorum,
1198 842 1252 920 qui
1314 825 1315 898 i

190 944 251 1004 ista·
271 942 425 1018 leserunt,
448 933 592 1003 inusitata
614 942 753 1005 felicitas.
798 943 886 1005 Nulla
909 943 990 1004 domi
1020 941 1134 1019 fames,
1165 941 1252 1002 nulla
1314 949 1315 954 ’

189 1043 375 1122 pestilentia,
390 1043 507 1104 nullum
523 1041 600 1104 foris
613 1043 738 1120 bellum,
755 1044 813 1104 nisi
828 1043 1044 1123 voluntarium,
1067 1059 1130 1124 quo
1149 1059 1251 1102 exer·

190 1144 256 1206 ceri
276 1143 377 1217 vires,
399 1160 460 1204 ran
483 1144 651 1223 periclitari
678 1147 799 1224 queant
843 1141 903 1205 lles
931 1151 1089 1224 praeterea
1113 1143 1250 1204 humano

190 1245 300 1326 generi
322 1243 482 1323 hucusque
505 1247 671 1325 incognita,
698 1245 861 1305 multorum
884 1245 975 1306 simul
996 1261 1104 1324 regum
1129 1244 1251 1322 patiens
1314 1239 1315 1288 l

80 1407 90 1424 x
157 1337 160 1344 ‘
192 1345 396 1421 consortium,
427 1352 463 1406 et
486 1363 599 1426 magna
623 1347 803 1422 concordia,
837 1351 1032 1424 potestasque
1065 1344 1250 1417 communis,

191 1445 268 1506 alias
299 1461 472 1522 nunquam,
510 1462 592 1504 nanc
624 1445 657 1506 in
690 1461 852 1506 commane
884 1446 1082 1525 prospiciens.
1129 1443 1251 1504 Deinde

193 1545 302 1621 etiam,
332 1544 414 1623 quod
441 1544 558 1624 absque
585 1544 651 1607 ulla.
674 1545 826 1608 hactenus
851 1545 1021 1606 mortalium
1052 1545 1162 1606 notitia
1194 1550 1250 1619 est,

193 1646 392 1725 inperatores
419 1645 464 1707 illi
492 1647 629 1722 maximi,
660 1648 772 1726 quippe
806 1653 837 1706 et
868 1653 1098 1726 persecutores,
1132 1645 1252 1705 honore

194 1746 335 1826 deposito
355 1752 387 1807 ct
409 1746 545 1808 adsumta
568 1749 686 1826 quieta,
707 1747 827 1826 privati,
851 1747 932 1826 qnod
954 1747 1168 1808 beatissimum
1189 1745 1251 1806 lie-

194 1848 293 1907 mines
326 1853 357 1907 et
389 1864 539 1907 summum
573 1846 688 1907 bonnm
721 1847 801 1908 vitae
830 1847 929 1928 bonae
953 1847 1108 1929 Judicant,
1139 1853 1171 1907 et
1194 1845 1252 1906 hoc

77 1994 83 2002 .
194 1953 279 2022 tunc,
301 1933 391 2007 velut
409 1947 538 2025 praemii
551 1946 636 2023 loco,
653 1953 795 2008 auctores
811 1949 1034 2026 persecutionis
1049 1946 1152 2026 adepti
1169 1951 1251 2021 sunt,

195 2044 318 2123 quando
351 2063 479 2107 accensa
507 2048 686 2124 miscentis
710 2047 811 2107 medio
840 2049 888 2110 sai
917 2050 1054 2127 tempore
1081 2054 1147 2109 toto
1176 2047 1251 2108 orbe

194 2142 359 2207 saeviebat.
403 2145 453 2206 An
482 2147 573 2208 etiam
603 2145 682 2208 hanc
713 2146 939 2209 beatitudinem
968 2148 1028 2210 illis
1061 2147 1252 2228 temporibus

196 2244 367 2323 poenaliter·
392 2246 541 2308 accidisse
569 2245 701 2324 adseris,
730 2255 760 2308 et
787 2264 842 2309 nos
869 2238 941 2310 liinc
974 2265 1098 2328 quoqne
1133 2255 1251 2312 terrere

195 2343 337 2404 moliris?
378 2344 497 2418 (iustius
519 2345 675 2410 humiliter
696 2346 924 2426 responderim,
951 2367 999 2411 me
1022 2349 1151 2430 plurima
1179 2367 1253 2410 cura

196 2445 517 2523 pietatis-accinctum
551 2465 747 2510 commonere
775 2449 813 2510 de
840 2450 937 2525 veris,
971 2459 1038 2510 non*
1060 2457 1181 2511 terrere
1214 2449 1252 2510 de

197 2542 290 2608 salsis.
332 2546 445 2606 Decem
468 2550 700 2625 persecutiones
722 2566 739 2610 a
761 2548 884 2611 Nereae
906 2567 1004 2630 usque
1027 2551 1064 2613 ad
1087 2551 1249 2612 Maximia-

197 2661 272 2706 num
300 2645 431 2725 ecclesia
460 2645 570 2708 Christi
598 2666 685 2727 passe
713 2655 767 2712 est.
810 2649 925 2711 Novem
950 2650 995 2731 (ut
1018 2669 1078 2732 ego
1100 2651 1177 2728 dixi)
1200 2651 1250 2712 ul·
1314 2699 1315 2702 ,

138 2777 141 2787 »
198 2745 316 2822 tiones,
343 2751 379 2805 ut
404 2745 462 2824 ipsi
488 2750 551 2808 non
580 2755 712 2829 negant,
733 2749 918 2812 calamitates
941 2769 959 2812 e
982 2753 1115 2832 vestigio
1137 2768 1251 2813 conse-

199 2851 288 2907 cutae
311 2851 391 2906 sunt.
426 2844 491 2906 Nec
513 2847 546 2907 ia
567 2849 663 2909 verbo
685 2867 817 2928 premor,
840 2857 942 2911 atrum
965 2851 1086 2912 debitae
1109 2852 1251 2925 ultiones,

199 2964 239 3006 an
266 2943 411 3019 fortuitae
436 2949 678 3026 permutationes
706 2947 802 3010 luisse
832 2950 1009 3028 videantur,
1043 2968 1123 3031 quae
1153 2959 1252 3012 tamen

200 3061 270 3104 meo
292 3060 412 3123 suoque
439 3046 614 3108 testimonio
641 3047 744 3110 clades
772 3047 907 3112 fuerunt
949 3050 983 3111 ln
1007 3053 1124 3113 decima
1147 3051 1252 3114 haesi-

201 3151 297 3206 tatum
318 3151 425 3233 putant
446 3146 550 3208 miseri
573 3153 604 3207 et
625 3151 723 3226 caeci,
745 3167 806 3211 non
829 3150 968 3212 ridentes
989 3159 1075 3213 tanto
1098 3157 1166 3212 eam
1183 3154 1252 3232 ipsis
1314 3181 1315 3222 3

202 3243 298 3306 luisse
313 3247 496 3326 graviorem,
519 3253 633 3325 quanto
656 3251 758 3310 minus
778 3250 932 3312 intellecta
956 3259 1010 3314 est.
1045 3252 1158 3332 Impius
1174 3253 1252 3312 anim
1314 3287 1315 3328 3

202 3345 374 3426 flagellatur
396 3353 426 3407 et
449 3363 510 3407 non
533 3349 640 3409 sentit:
666 3350 748 3429 qnod
771 3367 841 3412 cura
863 3353 1034 3431 expositum
1063 3351 1173 3430 luerit,
1202 3354 1252 3412 in·

201 3445 257 3505 viti
280 3443 353 3504 licet
373 3453 497 3525 propter
524 3447 618 3526 ipsam
644 3468 748 3511 rerum
776 3450 867 3513 iidem
894 3450 1087 3514 fatebuntur:
1118 3454 1190 3532 quia
1217 3469 1254 3513 ex

203 3545 254 3606 illa
276 3543 477 3607 Maximianae
504 3550 727 3624 persecutionis
756 3551 884 3612 maxima
914 3554 1074 3630 punitione
1103 3555 1254 3628 istasunt
1314 3539 1315 3576 ³

203 3638 291 3725 [532]
314 3643 459 3726 vulnera,
481 3647 593 3726 quibus
615 3651 706 3711 etiam
730 3669 812 3713 nunc
835 3653 884 3712 isti
907 3653 1012 3714 dolent
1034 3659 1065 3713 et
1087 3653 1118 3714 in
1142 3660 1253 3713 tanlnm

203 3743 319 3819 dolent,
342 3752 376 3806 ut
401 3747 491 3807 etiam
513 3747 645 3807 clament
667 3765 785 3828 nosque
801 3751 838 3810 ad
853 3751 1079 3814 reclamandum
1096 3753 1253 3828 lacessant,
1314 3785 1315 3790 κ

203 3842 351 3903 sollicitos
372 3845 456 3922 lieri,
478 3846 610 3924 qualiter
631 3849 846 3910 conticescant.
