2634 4434
574 333 617 402 17

65 566 125 630 rito
158 566 198 629 ad
231 563 473 628 substituendam
501 567 652 648 originem
680 568 863 644 reservatis,
890 566 1121 632 evidentissime

64 667 256 730 veracissimi
291 667 458 746 scriptores
495 667 615 730 docent.
673 667 782 730 Fuisse
817 674 920 730 tamen
951 661 1060 731 etiam'
1074 668 1121 732 illi

65 768 229 830 contestati
250 773 336 844 sunt,
366 768 420 846 qui
441 769 606 848 praeterita
630 767 756 848 quidem
779 775 931 848 tempora,
959 768 1121 848 ipsumque

65 875 222 930 auctorem
245 877 415 949 temporum
439 869 631 945 nescientes,
658 875 762 930 tamen
785 887 826 931 ex
847 869 963 932 iudicio
985 875 1017 929 et
1038 884 1120 931 eon-

60 971 183 1048 jeetura
204 969 348 1050 lapidum,
372 985 450 1048 quos
465 970 497 1031 in
512 969 637 1030 remotis
653 968 808 1032 montibus
823 969 949 1032 conclis
964 975 996 1030 et
1010 968 1122 1030 ostreis

64 1069 205 1147 scabros,
232 1087 324 1149 saepe
354 1071 457 1130 etiam
474 1076 596 1131 cavatos
625 1069 714 1148 aquis
741 1070 843 1132 risere
864 1069 1015 1145 solemus,
1038 1085 1119 1131 con·

64 1169 200 1250 jiciendo
220 1170 403 1233 didicerunt.
439 1168 478 1230 Et
500 1169 640 1248 quamvis
662 1167 839 1250 hujusmodi
859 1168 961 1231 adbuc
975 1175 1007 1230 et
1021 1168 1120 1231 relatu

64 1270 158 1352 digna
181 1275 212 1332 et
233 1269 293 1333 lide
320 1277 404 1332 certa
431 1267 562 1349 proferri
591 1289 608 1331 a
637 1269 726 1332 nobis
755 1276 886 1350 queant,
915 1276 1018 1330 tamen
1043 1267 1122 1330 baec

62 1371 163 1434 veluti
184 1372 362 1452 principalia
377 1353 446 1434 'duo
468 1371 506 1432 de
529 1372 792 1450 praevaricatione
815 1371 905 1450 primi
924 1369 1067 1445 bominis,
1088 1374 1121 1430 et

62 1472 322 1534 condemnatione
344 1474 554 1553 generationis
574 1473 721 1552 vitaeque
744 1472 826 1551 ejus,
849 1489 886 1534 ac
907 1470 1020 1534 deinde
1042 1487 1118 1549 per-

61 1573 183 1634 ditione
206 1571 300 1632 tolius
321 1574 446 1652 generis
468 1572 603 1648 burnani,
627 1571 707 1634 dieta
730 1572 899 1636 sufficiant:
923 1577 1051 1646 mnium,
1073 1577 1119 1646 ut,

59 1674 87 1735 si
110 1687 174 1751 qua
197 1658 324 1750 gentilis
346 1669 483 1731 historici
506 1671 545 1731 de
565 1673 680 1732 nostris
705 1671 809 1750 aliquo
837 1672 946 1734 ordine
972 1672 1120 1750 conlige·

59 1779 146 1848 runt,
169 1769 246 1832 baec
269 1769 390 1850 plenius
413 1786 482 1830 cum
506 1771 637 1832 caeteris
658 1770 738 1850 ipso,
760 1788 824 1850 quo
843 1770 1041 1846 incurrerint,
1062 1785 1120 1832 or-

60 1873 136 1934 dine
159 1869 361 1950 proferantur.

423 2120 619 2260 thul
676 2118 756 2230 ll.
1047 2157 1117 2232 mn

170 2325 225 2391 De
246 2323 342 2404 Nino
364 2332 398 2393 et
419 2325 658 2406 Semiramide,
681 2346 870 2412 certantque
888 2329 1016 2411 regnis.

149 2480 232 2543 Ante
259 2499 357 2550 annos
379 2480 468 2543 Urbis
497 2483 639 2544 conditae
662 2481 746 2542 mille
768 2488 923 2542 trecentos
945 2482 1043 2542 Ninus
1064 2500 1121 2543 rex

64 2582 279 2662 Assyriorum,
312 2583 428 2662 primus
456 2585 507 2654 (ut
536 2582 593 2662 ipsi
621 2581 747 2654 volunt)
775 2580 989 2663 propagandae
1015 2579 1119 2643 domi·

65 2683 198 2745 nationis
231 2681 359 2744 libidine
392 2699 474 2744 arma
508 2680 589 2744 foras
623 2682 750 2759 extulit,
778 2688 999 2761 cruentamque
1025 2685 1119 2745 vitam

66 2783 289 2864 qninquaginta
311 2783 400 2843 annis
422 2800 479 2862 per
501 2789 593 2845 totam
608 2784 712 2846 Asiam
734 2782 825 2845 bellis
846 2783 926 2863 egit:
951 2801 967 2844 a
991 2784 1120 2845 meridie

64 2892 158 2964 atque
191 2902 208 2945 a
241 2881 345 2944 Rubro
378 2885 453 2945 mari
486 2901 633 2966 surgens,
667 2883 725 2946 sub
759 2882 866 2944 ultimo
898 2883 1121 2962 septentrione,

64 2985 219 3046 Euxinum
243 2990 369 3062 pontum
391 2984 538 3046 vastando
566 2985 755 3064 perdomnit,
784 2983 1021 3064 scythicamque
1044 2983 1120 3044 bar-

64 3085 198 3160 bariem,
226 3083 328 3144 adhuc
355 3089 429 3146 tune
460 3085 615 3176 imbellem
645 3093 678 3148 et
702 3087 915 3162 innocentem,
949 3081 1121 3164 torpentem

65 3187 203 3248 excitare
224 3183 393 3265 saevitiam,
415 3185 498 3248 vires
520 3204 591 3250 sues
613 3203 716 3263 nosse,
739 3192 771 3248 ct
792 3203 855 3249 non
877 3185 956 3247 lacte
977 3187 1037 3265 jam
1060 3201 1120 3262 pe-

65 3287 191 3362 cudum,
212 3285 269 3346 sed
289 3286 442 3365 sanguine
464 3286 621 3350 bominum
644 3288 763 3364 vivere,
784 3286 823 3346 ad
844 3292 1030 3364 postremum
1045 3285 1120 3348 vin-

65 3405 154 3463 cere,
182 3385 254 3446 dnm
283 3386 436 3464 vincitur,
463 3387 595 3449 edocuit.
639 3385 812 3448 Novissime
837 3382 1026 3450 Zoroastrem
1056 3382 1121 3468 [38]

65 3487 296 3549 Bactrianorum
319 3505 442 3569 regem,
466 3487 663 3568 eundemque
685 3487 821 3569 magicae
844 3485 889 3568 (ut
912 3485 1026 3551 leruntl
1048 3491 1122 3552 anis

65 3594 273 3669 repertorem,
300 3606 403 3670 pugna
430 3605 608 3670 oppressum
636 3586 801 3650 interiecit.
844 3589 914 3650 Post
941 3590 1023 3668 ipse,
1050 3589 1121 3651 dum

68 3687 262 3750 deiicientem
290 3708 308 3751 a
335 3706 369 3751 se
397 3697 552 3770 oppugnat
584 3689 709 3766 urbem,
742 3689 852 3770 sagitta
885 3689 963 3750 iolas
996 3688 1122 3750 interiit.

69 3787 146 3851 lluic
169 3795 290 3851 mortno
314 3789 489 3854 Semiramis
512 3807 591 3853 uxor
609 3791 776 3866 successit,
798 3791 899 3852 virum
921 3789 1039 3861 animo,
1061 3786 1122 3851 he·

70 3887 133 3952 bitu
160 3888 258 3952 lilium
285 3907 415 3972 gerens:
444 3891 613 3970 avidosque
635 3893 699 3970 jam
722 3907 781 3952 usu
800 3888 961 3968 sanguinis
983 3889 1122 3967 populos,
1154 3912 1156 3915 ’

69 4005 123 4067 per
144 3990 223 4054 dnos
246 3997 279 4054 et
300 3991 500 4072 quadraginta
521 4007 618 4054 annos
641 3989 788 4054 caedibus
808 3986 946 4065 gentium
971 3989 1122 4050 exercuit.
