2634 4434
540 348 613 417 209

466 446 676 458 *αι-1.·-

49 582 145 661 ipsius
178 588 262 661 parte
297 583 484 645 ceciderunt.
527 581 674 644 Lucullus
701 577 904 644 Mithridatem
932 584 1102 665 Cyzicenos
1131 595 1251 637 stu-
1261 588 1304 635 ’ό

48 682 240 745 obsidentem
265 681 343 744 fossa
368 683 476 747 cinxit:
500 702 645 764 eumque,
669 683 751 764 quod
769 682 912 761 faciebat,
935 685 996 763 patr
1011 702 1101 746 com
1130 660 1232 781 {OE
1208 652 1256 693 η’
1234 654 1304 791 '⁷3

47 782 139 860 pulit:
175 790 267 863 atque
296 784 334 845 ad
362 785 444 862 ipsos
467 784 654 865 CyzicenoS,
689 791 723 846 ut
750 784 832 846 bono
858 784 961 847 animo
988 792 1102 861 essent,

46 884 188 945 nuntium
213 886 294 946 misit
315 887 409 945 unum
434 902 473 945 ex
496 885 642 947 militibus
662 886 753 947 nandi
769 888 917 966 peritura:
942 886 996 965 qni
1018 885 1102 946 dno·

45 981 104 1043 bus
133 984 253 1045 utribus
275 1002 452 1065 suspensus,
476 987 604 1048 mediam
628 988 695 1066 ipse
715 986 853 1067 regulam
877 992 988 1048 tenens
1008 984 1102 1064 plan-

45 1072 149 1162 lisque
181 1085 411 1166 subremigans,
445 1094 562 1164 septem
590 1086 686 1149 millia
714 1103 858 1166 passuum
887 1086 1101 1147 transmeavit.

43 1180 235 1248 Mithridates
262 1188 366 1266 inopia
395 1186 552 1264 laborans,
584 1194 701 1267 partem
735 1186 891 1266 copiarum
923 1187 1102 1247 instructam
1133 1192 1247 1291 dtu-3
1264 1188 1304 1235 ⁹⁰

44 1285 138 1361 armis
168 1286 291 1349 domum
318 1284 404 1349 abire
433 1290 602 1367 praecepit·
637 1306 728 1367 qnam
757 1286 905 1349 Lucullus
933 1287 1102 1365 excipiens,
1121 1248 1295 1361 yffi&
1222 1300 1279 1353 a..a
1290 1311 1304 1355 a

44 1385 222 1447 universam
246 1387 432 1466 disperdidit.
470 1386 544 1449 Nam
563 1389 693 1469 amphus
709 1407 799 1469 quarn
815 1388 991 1468 qurndecrm
1007 1386 1101 1447 millia
1119 1396 1304 1453 (latam

43 1482 204 1545 hominum
229 1492 302 1547 tunc
324 1487 518 1550 interfecisse
540 1496 689 1550 narratur
733 1490 818 1551 Tunc
844 1490 934 1550 etiam
957 1487 1101 1562 Fannius,

43 1585 97 1662 qui
123 1600 159 1645 sc
181 1584 345 1647 Mithridati
364 1588 519 1671 junxerat,
543 1594 574 1649 ct
594 1587 818 1669 Metrophanes,
840 1590 946 1669 regius
968 1594 1101 1667 praetor,

42 1702 59 1743 a
95 1682 253 1745 Mamerco
281 1685 355 1746 victi
384 1704 452 1747 cum
481 1664 601 1747 duobus
631 1686 765 1748 millibus
794 1688 932 1766 equitum
959 1688 991 1746 in
1014 1682 1102 1767 [374]

43 1783 193 1847 Moesiam
216 1783 432 1866 profugerunt:
454 1792 547 1867 atquc
570 1786 675 1848 inde
667 1805 698 1848 m
713 1786 883 1849 Maeoniam
906 1785 1078 1867 digressi,
1070 1802 1102 1845 rn

44 1884 142 1945 colles
154 1901 339 1965 camposque
351 1885 498 1949 inarimos
514 1886 704 1962 inciderunt3
722 1887 775 1948 nbi
789 1904 853 1950 non
867 1886 967 1950 solum
982 1893 1102 1948 montes

45 1985 122 2061 usti,
152 1984 203 2045 vel
229 2002 302 2047 saxa
325 1988 413 2065 quasi
436 1986 564 2067 quadam
587 1985 718 2069 fuligine
741 1987 898 2050 obfuscata
921 1995 1101 2064 cernuntur,

44 2086 246 2146 verumetiam
269 2088 367 2167 campi
388 2088 529 2151 ambusto
550 2087 617 2151 solo
639 2088 781 2169 squalidi,
804 2107 860 2168 per
877 2088 1100 2169 quinquaginta

46 2185 140 2247 millia
163 2203 316 2265 passuum,
339 2189 406 2249 sine
428 2188 492 2249 ullo
515 2189 596 2269 ignis
618 2188 671 2249 vel
693 2187 826 2250 fornacis
841 2190 956 2249 indicio
971 2194 1003 2247 et
1017 2204 1100 2264 pen-

45 2284 119 2346 dulo
153 2286 183 2347 in
217 2285 400 2366 profundum
434 2288 540 2351 cinere
572 2288 679 2367 putres
707 2290 822 2367 jacent.
865 2287 976 2348 'fribus
1009 2286 1101 2347 ctiam

45 2383 123 2447 locis
149 2385 282 2447 torridae
311 2389 475 2466 voragines
503 2388 722 2462 ostenduntur,
750 2404 826 2466 quas
854 2385 963 2447 Graeci
991 2385 1102 2464 physas

46 2492 174 2547 vocant:
198 2486 363 2565 inquibus
386 2486 439 2546 diu
461 2488 658 2560 oberranteS,
682 2486 846 2564 inopinatis
868 2486 991 2545 tandem
1012 2485 1101 2562 peri-

47 2586 123 2647 culis
149 2586 264 2647 exemti
286 2591 358 2646 sunt
381 2592 412 2645 et
433 2583 510 2646 clam
532 2586 564 2646 in
579 2584 673 2665 Regis
687 2591 785 2645 castra
805 2591 964 2645 venerunt
1000 2582 1100 2645 Deio·
1127 2584 1196 2659 dpp·
1217 2588 1255 2633 tt·
1271 2594 1304 2635 to·

48 2691 147 2764 larus,
177 2704 235 2747 rex
258 2683 501 2766 Gallograeciae,
524 2684 697 2766 praefectos
717 2685 801 2765 regis
824 2683 906 2746 bello
928 2684 1100 2747 trucidavit.

48 2783 169 2848 lnterea
191 2785 380 2848 Mithridates
400 2787 479 2866 apud
503 2787 648 2868 Cyzicum
672 2785 779 2847 eadem
801 2804 902 2863 mora,
929 2804 988 2865 qua
1011 2786 1100 2846 obsi·
1130 2791 1227 2828 aa.
1236 2791 1292 2833 nar

49 2884 150 2963 debat,
170 2886 373 2963 obsessus,1n
389 2905 526 2969 magnam
544 2887 703 2967 penuriam
718 2887 986 2966 pestilentiamque
1002 2903 1100 2947 exer·
1119 2862 1287 2973 ,fflfflff‘
1290 2927 1304 2968 ΙΙ

50 2986 144 3047 citum
159 3004 247 3049 suum
266 2989 440 3049 coartavit.
461 2988 534 3050 Nam
557 2989 625 3067 plus
648 3005 739 3066 quam
763 2995 899 3049 trecenta
922 2987 1016 3049 millia
1037 2986 1145 3051 ho-l’
1132 2994 1227 3051 Ρω(
1212 3025 1272 3047 „a
1287 3001 1302 3038 t

50 3087 165 3149 minum
188 3087 267 3151 fame
290 3096 320 3149 ct
343 3088 479 3150 morbo
471 3106 502 3149 rn
524 3090 633 3149 eadem
654 3087 817 3149 obsidione
832 3090 970 3149 amisisse
985 3087 1107 3159 fertura

51 3186 207 3273 ipsacum
230 3191 335 3268 paucis
361 3195 481 3267 arrepta
506 3188 578 3247 navi
605 3186 684 3247 clam
713 3184 793 3265 fagit
821 3205 839 3247 e
866 3188 982 3248 castris.
1010 3186 1100 3261 [375]
1135 3183 1288 3242 ium..

51 3284 211 3367 Lucullus,
234 3290 396 3351 incruento
418 3288 514 3349 milite
536 3292 689 3367 spectator
711 3286 806 3347 cladis
828 3286 965 3363 alienae,
988 3304 1101 3350 novum

53 3404 150 3465 genus
179 3390 327 3452 victoriae
355 3390 484 3469 adeptus
512 3390 587 3462 est,
609 3402 679 3445 mox
711 3384 838 3446 Marium
872 3386 996 3450 adortus
1028 3392 1103 3452 vicit
1128 3405 1220 3443 om

55 3484 241 3569 fugavitque
298 3490 331 3550 ln
366 3506 427 3569 qno
460 3487 575 3566 praelio
608 3485 679 3565 plus
709 3504 798 3566 quarn
831 3488 974 3551 undecim
1008 3488 1163 3585 millia-,252
1299 3473 1303 3482 ⁸

55 3583 254 3658 Marianorum
278 3590 404 3651 militum
429 3586 589 3650 interfecta
611 3581 817 3651 referunturft
833 3588 979 3651 annllus
997 3534 1185 3703 posteat&b
1265 3661 1294 3680 Ἣ

57 3703 121 3747 cum
154 3690 263 3751 eodem
292 3688 387 3751 Mario
420 3688 520 3749 navali
549 3688 665 3767 praelio
692 3706 892 3770 congressus,
920 3689 1045 3767 triginta
1072 3673 1144 3747 et*
1133 3675 1193 3786 pff
1193 3664 1253 3710 ’Ῡ
1272 3740 1288 3763 Ι

58 3786 128 3851 duas
150 3806 245 3853 naves
273 3790 389 3869 regiaS,
418 3796 449 3850 ct
477 3788 648 3867 complures
677 3790 850 3862 onerarias,
877 3793 930 3846 aut
957 3786 1104 3867 demersit

58 3894 106 3947 aut
127 3891 215 3969 cepit.
259 3890 345 3951 Multi
368 3890 411 3951 ibi
435 3907 474 3949 ex
496 3889 558 3966 his,
582 3904 660 3968 quos
685 3888 769 3950 Sulla
791 3885 1056 3963 proscripserat,
1048 3902 1101 3945 vn-
1188 3912 1193 3922 ·

58 3990 175 4053 teremti
196 3998 275 4053 sunt.
312 3991 424 4053 Marius
448 3995 567 4068 postera
590 3988 640 4049 die
663 3986 702 4046 dc
724 3983 881 4061 spelunca,
904 3980 957 4044 ubi
980 3982 1102 4059 latebat,
