2634 4434
563 321 633 389 271

55 552 280 633 spectaculum
308 554 382 640 luit,
416 562 531 636 patrem
559 564 592 618 et
619 556 714 618 lilium
744 572 805 617 uno
832 555 1007 635 triumphali
1034 573 1127 619 curru

55 661 178 716 vectos
206 654 455 737 gloriosissimam
477 656 517 719 ab
540 657 603 737 bis,
633 657 688 737 qui
709 663 824 737 patrem
848 663 879 718 et
900 653 995 716 filium
1019 657 1122 718 olien-

56 755 197 832 ‹leraut‚
219 757 377 818 victoriam
400 766 581 837 reportasse.
619 757 680 832 Oui
702 758 850 819 continuo
873 755 1015 817 omnibus
1037 756 1127 818 bellis

56 875 102 918 ac
131 858 312 920 tumultibus
334 859 417 921 domi
440 859 577 941 lorisque
599 859 793 938 compressis,
814 875 919 938 pacem
937 858 1029 918 totius
1044 855 1139 916 urbis

58 959 359 1036 pronuntiaverunt,
375 966 407 1021 et
419 958 531 1021 Janum
545 961 702 1041 geminum
719 959 867 1020 obseratis
881 958 1021 1020 cobiberi
1035 956 1127 1018 elau·

56 1059 142 1118 stris
168 1065 257 1120 sexto
284 1059 406 1121 demum
436 1062 493 1138 ipsi
522 1067 590 1138 post
616 1057 728 1118 Urbem
757 1059 908 1120 conditam
932 1075 1012 1120 cen·
1036 1051 1127 1130 [482]

56 1165 209 1221 suerunt.
251 1159 328 1220 lure
350 1160 432 1220 enirn
456 1159 536 1220 idem
562 1158 660 1218 bonos
687 1157 797 1218 ultioni
826 1159 977 1237 passionis
1004 1156 1129 1218 Domini

57 1258 231 1337 impensus
252 1266 310 1335 est,
334 1257 388 1336 qui
410 1259 500 1318 etiam
525 1259 676 1325 nativitati
699 1255 800 1320 luerat
820 1257 999 1320 adtributus.
1043 1256 1129 1318 Tune

57 1357 188 1418 deiram
208 1358 278 1418 sine
299 1356 372 1418 ullis
395 1357 543 1421 bellorum
567 1357 748 1422 tumultibus
768 1359 798 1418 in
816 1359 997 1421 immensum
1013 1374 1127 1436 respu-

55 1457 154 1517 blica
169 1454 302 1518 Romana
325 1457 517 1536 provehitur:
539 1461 693 1542 siquidem
717 1459 843 1540 Acbaja‚
865 1459 970 1541 Lycia,
991 1457 1128 1534 ilbodus,

56 1557 266 1637 Byzantium,
290 1558 406 1636 Samos,
428 1559 566 1637 Thracia,
590 1561 706 1638 Cilicia,
730 1559 945 1641 Commagene,
971 1567 1035 1621 tum
1058 1557 1127 1636 pri·

60 1675 155 1718 rmum
175 1657 320 1720 redactae
342 1660 374 1720 iu
396 1661 581 1738 provincias,
603 1659 747 1724 Romanis
764 1659 922 1742 judicibus
944 1658 1129 1740 legibusque

61 1765 248 1838 paruerunt.
292 1757 381 1818 Nono
412 1766 514 1820 autem
543 1759 667 1840 Imperii
693 1763 761 1843 ejus
790 1777 870 1821 anno
897 1766 961 1820 tres
988 1751 1128 1818 civitates

64 1855 164 1938 Cypri
185 1864 287 1919 terrae
310 1866 393 1920 motu
416 1868 611 1946 corruerunt,
633 1867 665 1923 ct
687 1861 801 1924 Romae
824 1877 932 1942 magna
954 1856 1128 1939 pestilentia

65 1957 139 2020 luit.
172 1958 376 2038 Vespasianus
399 1969 500 2024 autem
524 1963 555 2023 in
578 1961 649 2023 villa
665 1964 785 2044 propria
802 1963 883 2024 circa
900 1957 1029 2022 Sabinos
1045 1972 1127 2018 nono

65 2076 154 2119 anno
186 2061 373 2139 principatus
404 2064 453 2123 sui
481 2063 632 2143 profluvio
662 2065 780 2126 ventris
813 2069 950 2124 mortuus
977 2067 1025 2122 est
1045 2063 1133 2120 anna¹

66 2158 110 2219 ab
126 2159 207 2221 Urbe
222 2162 344 2222 condita
359 2164 616 2243 octingentesimo
631 2166 782 2244 vigesimo
798 2170 914 2224 octavo.
952 2162 1048 2235 Titus,
1070 2175 1126 2218 se-

65 2261 208 2340 gregatis
228 2279 247 2321 a
267 2279 397 2322 numero
419 2263 590 2341 principum
611 2260 735 2323 (libone
763 2269 795 2322 et
821 2260 961 2336 Vitellio,
989 2258 1027 2319 ab
1056 2256 1128 2316 Au·
1173 2270 1177 2276 ·

66 2366 164 2441 gustu
189 2367 333 2437 octaws,
360 2360 487 2421 biennio
510 2369 579 2439 post
599 2360 818 2440 Vespasianum
841 2361 989 2440 regnavit.
1035 2357 1128 2435 Cujus

68 2466 157 2520 unta
178 2459 383 2536 anaquillitas
405 2461 437 2518 iu
459 2458 591 2538 imperio
613 2458 688 2534 luit,
711 2466 745 2520 ut
767 2459 881 2520 nullius
903 2458 1028 2520 omnino
1051 2471 1127 2514 san-

67 2560 201 2642 guinem
235 2560 267 2617 in
293 2557 451 2635 republica
479 2558 715 2619 administranda
743 2557 859 2618 fudisse
886 2555 1047 2618 reseratur.
1086 2552 1130 2634 ¹Et

67 2668 179 2722 tamen
202 2664 275 2718 tuuc
296 2656 411 2718 Romae
433 2663 500 2719 ortu
521 2665 650 2737 repente
672 2657 831 2734 incendio,
859 2658 1008 2737 plurimae
1036 2653 1129 2716 aedes

69 2758 217 2841 publicae
239 2765 453 2820 concrematae
474 2765 553 2822 sunt
598 2759 769 2838 Abruptum
792 2765 866 2819 tunc
889 2759 979 2819 etiam
1003 2756 1130 2818 Vesuvii

72 2860 188 2921 montis
202 2860 350 2920 verticem
373 2875 482 2939 magna
504 2857 678 2938 profudisse
700 2858 843 2922 incendia
864 2855 979 2934 ierunt,
1003 2864 1128 2918 torren-

74 2958 220 3039 tibusque
241 2959 427 3020 flammarum
450 2960 551 3020 vicina
571 2959 712 3040 regionis
737 2977 807 3022 cum
828 2957 963 3022 urbibus
991 2957 1129 3020 bomini-

75 3061 196 3141 busque
218 3059 349 3121 delesse.
392 3060 481 3120 'litus
501 3077 571 3120 carn
594 3059 714 3138 ingenti
735 3060 870 3121 omnium
896 3061 982 3123 luctu
1010 3061 1042 3122 in
1070 3077 1128 3122 ea·

77 3161 146 3223 dem
168 3161 251 3240 ailla,
273 3177 334 3242 qua
356 3167 443 3240 pater
462 3161 541 3242 ejus,
569 3158 676 3220 morbo
697 3157 855 3221 mamam
876 3167 933 3220 est.
1013 3165 1015 3170 '

450 3409 648 3550 baput
697 3409 750 3518 ll
932 3475 935 3482 .
1043 3447 1130 3533 [aa]

79 3621 135 3686 De
156 3616 269 3688 Flauii
290 3612 673 3685 uomitmui‘caemria
699 3614 866 3704 larnaria,
895 3617 1000 3684 rebus
1023 3616 1132 3698 quatis

466 3721 502 3783 et
524 3713 746 3803 facinoribus.

54 3859 58 3863 ’
167 3874 259 3937 Anno
292 3874 331 3935 aa
358 3873 441 3935 urae
472 3873 594 3934 conum
625 3869 819 3932 ocooxxx.
851 3867 1043 3931 nominamus
1075 3869 1134 3930 urar

83 3976 186 4055 irater,
208 3975 247 4036 ab
268 3975 409 4054 Augusto
423 3988 542 4048 nonus,
565 3970 651 4032 lralri
673 3969 822 4032 successit
845 3968 877 4028 in
898 3984 1052 4060 regnum
1075 3967 1134 4042 Qui
