2634 4434
707 309 755 379 34

204 554 235 609 ct
262 545 339 608 lacta
366 545 575 625 inpressione,
604 559 681 624 qrros
709 541 884 624 fugiebant,
918 541 1027 622 lugere
1061 543 1253 623 compellunt.

202 646 249 709 lbi
276 653 349 708 tuno
374 643 525 726 Astyages
559 645 694 724 capit-ur,
726 643 778 703 cui
811 641 908 722 Cyrus
941 641 1017 703 nihil
1050 641 1132 704 aliud
1167 661 1253 723 quam

202 763 332 827 regnum
355 745 495 823 abstulit,
519 763 653 824 eumque
669 744 819 804 maximae
834 741 1050 822 Hyrcanorum
1059 743 1146 823 genti
1160 762 1253 823 prae·

201 847 311 928 posuit.
356 843 391 904 ln
419 845 529 906 bledos
549 860 624 905 vero
651 843 767 904 reverti
795 843 861 921 ipse
889 842 996 903 noluit.
1040 841 1069 903 ls
1095 841 1166 904 finis
1194 844 1253 904 im-

203 945 280 1025 perii
296 943 452 1004 Medorum
469 943 534 1006 luit.
569 941 630 1006 Sed
644 944 796 1019 civitates,
813 960 892 1021 quae
907 942 1086 1004 tributariae
1097 941 1262 1004 Medorum⁴

203 1050 300 1121 erant,
323 1041 443 1124 apjoyro
466 1041 663 1106 deiecerunt:
687 1062 768 1124 quae
790 1058 840 1104 res
862 1042 942 1122 Cyro
964 1042 1128 1104 multorum
1150 1042 1252 1105 bello-

202 1161 269 1205 rum
292 1161 383 1208 eausa
406 1149 438 1205 ct
459 1143 546 1224 origo
569 1144 694 1207 exstitit.

528 1430 735 1567 *taput
787 1428 925 1535 XX.

201 1663 257 1732 De
271 1663 470 1749 Phalaridis
492 1669 686 1852 tyrannid'el,
709 1669 743 1733 et
762 1665 918 1733 Aremub’
931 1663 1142 1733 Latinorum
1162 1665 1251 1748 repta

680 1767 803 1850 aeditis.

284 1939 328 2004 Ea
361 1947 541 2020 tempestate
568 1939 702 2004 Phalaris
730 1940 852 2004 Siculus
879 1939 1101 2022 Agrigentinos
1134 1943 1251 2018 arrepta

175 2041 362 2121 ‘tyrannide
394 2040 604 2121 populabatur.
661 2042 721 2115 Qui
753 2042 887 2104 crudelis
920 2048 1039 2118 mente,
1072 2038 1251 2100 commentis

201 2140 369 2219 crudelior,
393 2142 494 2203 omnia
516 2139 633 2204 nefaria
656 2142 689 2203 in
711 2144 892 2205 innocentes
913 2158 1026 2223 agens,
1048 2139 1169 2201 invenit
1190 2137 1250 2198 ali·

201 2241 323 2320 quando
346 2259 437 2320 quern
456 2242 540 2321 juste
561 2243 686 2320 puniret
707 2234 848 2324 injustus
880 2242 955 2303 Nam
979 2241 1108 2304 Perillus
1130 2237 1251 2318 quidam

198 2342 281 2408 aeris
314 2340 418 2422 opilcx
449 2339 607 2404 adfectans
641 2347 762 2423 tyranni
794 2342 975 2420 amicitiam,
1006 2348 1108 2423 aptum
1142 2353 1253 2399 munus

201 2441 374 2504 crudelitati
397 2442 480 2502 illius
501 2449 600 2520 ratus,
623 2449 743 2504 taurum
766 2461 897 2504 aeneum
920 2441 1010 2519 iecit,
1040 2441 1091 2503 cui
1118 2438 1253 2500 fabricae
1302 2480 1303 2533 ,

196 2545 322 2622 januam
347 2561 365 2604 e
388 2543 484 2603 latere
508 2544 689 2621 composuit,
712 2560 792 2621 quac
814 2544 851 2605 ad
874 2541 1101 2605 contrudendos
1123 2541 1253 2602 damna·
1295 2538 1303 2618 i

202 2638 270 2716 [ts]
295 2649 344 2704 tos
369 2639 508 2720 receptui
537 2639 631 2701 toret:
662 2649 697 2703 ut
718 2660 788 2703 cum
811 2643 949 2705 inclusus
971 2644 1085 2705 ibidem
1107 2639 1255 2720 subjectis

201 2741 324 2823 ignibus
347 2748 532 2816 torreretur,
555 2759 664 2803 sonum
686 2744 771 2805 vocis
794 2751 932 2806 extortae
955 2745 1105 2823 capacitas
1127 2741 1256 2803 concavi
1302 2728 1303 2789 l

201 2845 282 2904 aeris
304 2848 447 2924 augeret,
476 2841 628 2922 pulsuque
656 2841 745 2904 lerali
771 2851 948 2924 competens
970 2844 1096 2925 imagini
1119 2859 1257 2903 murmur
1302 2840 1303 2895 ἶ

201 2945 376 3018 emitteret,
411 2940 592 3022 nefarioque
628 2943 805 3022 spectaculo
840 2947 976 3026 mugitus
1013 2933 1156 3023 pecudis,
1193 2959 1256 3003 non

201 3044 333 3106 bominis
355 3044 488 3124 gemitus
509 3043 674 3106 videretur.
713 3045 773 3108 Sed
789 3045 933 3123 Phalaris
956 3045 1069 3108 iactum
1085 3043 1256 3124 amplexus,
1302 3068 1303 3081 ¹

203 3144 348 3208 lamorem
373 3151 562 3222 exsecratus,-
585 3151 616 3206 et
637 3145 748 3206 ultioni
771 3148 928 3209 materiam
950 3145 1101 3226 praebuit,
1124 3151 1156 3206 et
1178 3161 1257 3204 eru-

202 3246 334 3308 delitati:
359 3263 427 3306 nam
449 3246 546 3324 ipsum
563 3243 701 3325 opificem
718 3263 773 3308 sua
788 3248 967 3309 inventione
982 3246 1109 3327 punivit.
1145 3244 1260 3305 Fuerat
1302 3254 1303 3323 t

203 3349 293 3408 etiam
316 3347 587 3425 paulosuperiore
608 3354 746 3425 tempore
768 3349 848 3428 apud
862 3347 986 3410 Latinos
1008 3365 1065 3407 rex
1080 3345 1258 3422 Aremulus,
1302 3328 1303 3407 i

203 3448 265 3529 qui·
279 3464 334 3527 per
356 3462 452 3508 annos
475 3448 645 3509 octodecim
668 3447 791 3529 flagitiis
806 3446 1085 3530 impietatibusque
1101 3462 1260 3523 crescens,

202 3549 240 3610 ad
263 3553 449 3628 postremum
464 3547 577 3610 divino
599 3548 719 3628 judicio
746 3549 874 3612 fulmine
902 3551 1108 3629 interceptus,
1130 3553 1262 3609 matura

202 3645 350 3728 supplicia
372 3649 531 3710 immatura
554 3654 654 3710 aetate
677 3647 823 3713 dissolvit.
860 3650 983 3732 Eligant
1005 3666 1086 3711 nunc
1102 3644 1140 3727 (si
1163 3649 1261 3710 uide·
1302 3696 1303 3703 ,

203 3750 263 3828 tur)
285 3734 439 3810 bmnium
462 3748 573 3827 Siculi,
601 3755 703 3809 utrum
732 3751 764 3810 in
792 3749 901 3812 diebus
929 3749 1068 3811 Aremuli
1092 3756 1124 3810 et
1144 3747 1263 3810 Pbala-

202 3849 277 3910 ridis
300 3867 368 3910 esse
392 3848 586 3924 maluissent,
610 3848 807 3912 innocentum
831 3853 908 3912 vitas
932 3851 1039 3930 poenis
1062 3857 1263 3930 extorquen-

204 3949 296 4028 tium,
330 3967 371 4010 an
401 3947 453 4008 bis
489 3947 678 4026 temporibus
716 3950 912 4029 Christianis,
951 3970 1020 4013 cum
1057 3953 1266 4032 imperatores
1302 4022 1303 4025 Ἴ
