2634 4434
106 607 257 685 mutatus,
284 625 323 670 an
354 623 430 669 auro
458 608 630 691 corruptus)
658 609 786 672 occidit:
811 609 864 691 qui
887 607 1034 673 continuio
1063 629 1160 676 revo-
1237 594 1246 609 Ν

104 715 193 771 catus
220 727 260 770 ex
288 707 392 770 Africa
427 706 590 790 iactusque
615 711 753 790 privatus
779 709 830 773 vel
862 710 901 774 ad
933 726 1079 791 poenam,
1112 714 1163 778 vol

104 809 143 870 ad
167 808 387 888 poenitentiam
411 810 619 873 conscientiae
641 827 716 874 suae
739 811 882 875 dimissus
904 819 960 874 est.

418 1064 622 1202 topot
674 1061 848 1172 llllll.
1070 1099 1160 1178 reor]

107 1267 284 1348 Quomodo
307 1265 412 1334 Gothi
434 1270 588 1354 expulsi,
611 1269 696 1354 quid
724 1265 920 1351 Ataorptm
947 1282 1015 1333 reor
1043 1287 1163 1336 eorum

105 1370 303 1434 instituerit.
346 1367 402 1434 De
423 1366 587 1454 Seperico
609 1374 643 1436 et
672 1367 782 1436 Valde
803 1368 941 1454 rupibus
963 1365 1162 1437 Gothorum.

193 1526 284 1587 Anno
307 1526 344 1587 ab
367 1525 449 1587 Urbe
472 1526 593 1589 condita
621 1523 805 1587 blGLXVlll.
835 1523 1031 1587 Constantius
1060 1541 1164 1588 comes

106 1627 187 1707 apud
215 1626 388 1704 Arelatem,
419 1625 535 1689 Galliae
563 1627 690 1704 urbem,
723 1625 895 1688 consistens
924 1642 1032 1704 magna
1059 1643 1162 1687 rerum

105 1727 311 1808 gerendarum
334 1728 484 1790 industria
506 1725 621 1790 Gothos
646 1725 788 1788 Narbona
811 1724 938 1805 expulit,
962 1732 1055 1806 atque
1076 1709 1163 1788 abire

105 1829 139 1890 in
168 1827 342 1907 Hispaniam
378 1831 496 1910 coegit,
533 1827 699 1890 interdicto
736 1827 901 1907 praecipue
934 1831 1028 1906 atque
1060 1827 1162 1888 inter-

105 1928 193 1991 cluso
215 1929 298 1989 omni
321 1937 492 1992 commeatu
515 1930 655 2005 navium,
685 1935 717 1990 et
738 1927 970 2011 peregrinorum
994 1943 1053 1988 usu
1076 1943 1164 1988 com·

105 2028 300 2090 merciorum.
338 2028 505 2092 Gothorum
524 2036 599 2091 tunc
614 2029 733 2119 populis
747 2027 919 2107 Ataulpbus
934 2045 992 2089 rex
1001 2034 1162 2108 praeerat:

107 2130 163 2208 qui
184 2135 253 2208 post
274 2131 473 2208 irruptionem
497 2130 586 2191 Urbis
608 2149 644 2192 ac
668 2137 795 2192 mortem
819 2128 933 2189 Alarici
956 2127 1102 2206 Placidia,
1131 2136 1166 2190 ut

107 2229 183 2306 dixi,
211 2229 329 2309 captiva
352 2245 459 2290 sorore
480 2229 684 2310 Imperatoris,
707 2230 740 2290 in
762 2244 890 2291 uxorem
914 2227 1061 2305 adsumta,
1084 2228 1164 2291 Ala-

106 2330 173 2391 rico
195 2330 227 2390 in
249 2347 379 2410 regnum
403 2337 604 2392 successerat.
648 2329 693 2407 ls,
723 2336 757 2391 ut
785 2345 877 2408 saepe
903 2329 1040 2390 auditum
1071 2335 1164 2410 atque

106 2429 216 2491 ultimo
238 2431 324 2490 exitu
340 2431 408 2510 ejus
423 2430 582 2508 probatum
599 2435 657 2503 est,
681 2431 754 2492 satis
770 2429 907 2492 studiose
922 2436 1056 2492 sectator
1069 2431 1163 2509 pacis,

106 2529 239 2590 militare
266 2528 399 2590 fideliter
420 2529 555 2592 llonorio
585 2529 779 2610 imperatori,
814 2547 849 2592 ae
882 2547 937 2610 pro
971 2527 1164 2594 defendenda

109 2628 245 2690 Romana
274 2628 432 2709 republica
461 2630 639 2712 impendere
662 2632 746 2693 vires
769 2630 936 2693 Gothorum
965 2617 1163 2711 praeoptavit.

105 2727 182 2790 Nam
205 2747 264 2811 ego
286 2747 412 2811 quoque
435 2732 500 2811 ipse
522 2732 621 2793 virum
646 2732 799 2813 quendam
820 2730 1063 2809 Narbonensem,
1085 2733 1164 2794 illu-

106 2831 178 2892 stris
200 2831 257 2892 sub
281 2830 452 2895 Tbeodosio
474 2833 617 2912 militiae,
645 2834 735 2895 etiam
758 2833 937 2915 religiosum
959 2832 1164 2912 prudentem-

108 2948 170 3009 que
192 2939 224 2992 et
245 2951 383 3012 gravem,
406 2919 485 3016 apud
502 2933 672 3012 bethleem,
696 2934 839 3016 oppidum
859 2932 1060 3010 Palaestinae,
1084 2933 1163 2997 bea·
1197 2931 1198 2936 ’

107 3030 224 3092 tissimo
246 3030 434 3112 Hieronymo
457 3035 637 3114 presbytero
658 3035 845 3097 referentem
868 3034 988 3111 audivi,
1012 3050 1046 3095 se
1069 3030 1162 3098 iami-

107 3131 301 3193 liarissimum
330 3131 484 3212 Ataulpbo
518 3133 596 3213 apud
630 3133 802 3196 Narbonem
837 3133 950 3196 luisse:
985 3151 1020 3194 ac
1054 3133 1093 3195 de
1126 3154 1165 3197 eo

107 3250 200 3311 saepe
216 3232 273 3294 sub
290 3231 504 3295 testificatione
520 3234 675 3311 didicisse,
699 3234 781 3315 quod
804 3233 856 3296 ille
879 3250 948 3294 eum
972 3229 1162 3318 esset1585]

108 3335 221 3410 animo,
244 3333 374 3411 viribus,
398 3335 587 3416 ingenioque
609 3335 734 3413 nimius,
756 3333 875 3396 referre
890 3332 998 3396 solitus
1013 3342 1106 3412 essct,
1129 3353 1164 3398 se

105 3434 253 3515 imprimis
282 3434 426 3496 ardenter
457 3434 609 3497 inbiasse:
651 3443 701 3513 ut,
734 3434 897 3508 obliterato
929 3432 1066 3497 Romano
1100 3453 1162 3498 no-

106 3537 200 3612 mine,
220 3535 388 3598 Romanurn
411 3552 502 3598 omne
523 3537 621 3599 solum
645 3535 813 3599 Gothorum
836 3536 996 3616 imperium
1019 3543 1051 3598 et
1072 3534 1162 3598 iace-

28 3665 40 3677 =
105 3643 154 3697 ret
176 3643 207 3698 et
230 3644 364 3714 vocaret,
388 3644 544 3718 essetque,
565 3643 600 3700 ut
614 3637 784 3720 vulgariter
798 3636 916 3717 loquar,
940 3633 1058 3715 Gothia,
1081 3638 1164 3718 quod

104 3735 250 3799 Romania
274 3736 393 3815 luisset,
417 3736 568 3818 fieretque
590 3756 674 3802 nunc
697 3737 879 3820 Ataulpbus,
903 3737 985 3822 quod
1009 3738 1162 3817 quondam

107 3837 219 3900 Caesar
247 3837 414 3920 Augustus.
458 3839 499 3902 At
526 3839 580 3902 ubi
609 3841 702 3903 multa
737 3839 928 3919 experientia
960 3839 1161 3919 probavisset,

105 3957 209 4020 neque
243 3937 357 4000 Gothos
391 3939 453 4001 ullo
486 3941 577 4002 modo
612 3958 722 4021 parere
759 3937 881 4021 legibu's
917 3956 1007 4020 posse
1039 3933 1165 4020 propter¹
1266 4009 1273 4018 p

106 4040 282 4103 elirenatam
317 4040 504 4117 barbariem,
537 4059 641 4122 neque
673 4040 863 4122 reipublicae
901 4041 1045 4104 interdici
1076 4040 1127 4102 lec·

951 4156 1007 4211 21*
