2634 4434
200 556 318 635 Pythici
340 554 458 650 oraculi
481 552 578 615 sides?
623 554 870 616 Abolita-antem
894 548 976 624 ideo,
1000 549 1070 627 quia
1093 556 1265 610 contemta.

200 656 293 716 Porro
316 660 417 718 autem
441 670 537 733 quare
559 662 723 731 contemta,
747 653 806 713 nisi
821 651 893 732 quia
913 650 962 709 vel
986 648 1071 725 laisa,
1093 649 1145 712 vel
1170 668 1263 727 vana,

201 754 251 816 nel
274 750 387 818 dubia‘l
410 754 492 851 unde
516 756 683 833 prudenter
704 758 794 833 pobta
817 750 1026 831 praemonuit:

285 905 478 972 Inconsultt
500 904 644 983 adeunt,
671 906 854 986 sedemque
876 903 981 967 odere
1002 896 1162 985 Sibyllae.

201 1058 239 1121 Et
261 1076 301 1121 ne
324 1059 403 1122 iorte
425 1062 510 1139 parvi
533 1060 563 1120 id
586 1060 730 1139 pendant,
754 1056 836 1137 quod
859 1060 1014 1117 contemtu
1034 1054 1186 1133 abolitum
1208 1064 1263 1117 at-

202 1176 263 1239 que
285 1162 474 1240 antiquatum
499 1160 566 1240 luit,
589 1162 648 1221 hoc
670 1166 718 1221 est
739 1164 793 1218 aut
813 1174 928 1217 numen
947 1162 999 1216 aut
1013 1155 1129 1232 sedem,
1145 1156 1263 1236 Apollo

201 1258 254 1321 ille
269 1260 392 1339 Pythius
415 1270 491 1338 erat,
515 1280 606 1342 quem
630 1259 735 1322 ierunt
757 1274 867 1338 magno
889 1256 942 1318 illo
957 1255 1094 1335 Pythone
1111 1264 1264 1335 serpente

202 1359 377 1439 interiecto,
403 1365 496 1424 totius
519 1361 746 1423 vaticinationis
768 1366 894 1419 auctore
916 1364 948 1418 et
969 1357 1117 1435 principe,
1139 1356 1262 1418 haere-

201 1460 269 1521 dem
293 1466 325 1520 et
346 1461 427 1522 sedis
451 1469 482 1523 et
504 1462 702 1525 divinationis
728 1466 760 1521 et
787 1459 921 1519 numinis
948 1458 1119 1517 exstitisse:
1148 1457 1263 1536 ibique

201 1576 271 1619 eum
294 1560 425 1623 reddere
448 1562 583 1645 elegisse
605 1578 763 1641 responsa,
786 1560 840 1621 ubi
862 1564 928 1641 orta
950 1547 1019 1618 cum
1041 1564 1169 1618 auctore
1193 1558 1263 1637 ipsa
1311 1585 1312 1588 ¹

200 1658 348 1722 divinatio
368 1662 544 1725 videbatur:
569 1669 728 1743 praeterea
752 1677 842 1739 quem
865 1644 922 1738 per
942 1658 1016 1719 alias
1039 1674 1162 1737 quoque
1188 1664 1262 1718 ter-

199 1776 301 1821 rarum
323 1754 424 1840 partes
446 1763 656 1843 spumantibus
675 1761 780 1821 buccis
802 1759 971 1838 rabidoque
994 1759 1133 1819 discursu
1155 1760 1263 1819 omnis
1311 1773 1312 1794 ι

200 1858 380 1923 itrriatorum
403 1870 503 1924 ructat
525 1865 653 1938 insania,
676 1862 715 1921 ad
737 1878 829 1939 quem
850 1859 972 1939 plurimi
988 1866 1136 1920 terrarum
1151 1876 1262 1939 reges,

201 1961 289 2037 quasi
311 1961 349 2021 ad
374 1962 472 2023 vivam
495 1980 602 2024 vocem
626 1962 758 2023 consulti
781 1962 915 2021 numinis
937 1966 1177 2036 concurrerunt,
1208 1962 1262 2021 cui

201 2060 380 2137 saepissime
403 2062 460 2140 ipsi
489 2080 613 2142 quoque
629 2061 764 2122 'Romani
792 2061 1022 2140 opulentissima
1049 2062 1127 2121 dona
1155 2062 1261 2126 mise·
1311 2133 1312 2136 Ξ

201 2166 282 2219 runt.
328 2160 368 2222 At
395 2165 421 2223 si
448 2162 558 2241 Apollo
582 2164 639 2224 iste
662 2162 786 2243 Pythius
809 2161 953 2241 paulatim
976 2162 1171 2223 discernente
1197 2181 1261 2223 ex·
1311 2227 1312 2238 Ξ

201 2260 352 2336 parientia
375 2270 556 2340 contemtus,
579 2263 706 2325 relictus
721 2270 814 2342 atque
829 2262 961 2324 abolitus
976 2269 1033 2339 est,
1058 2262 1130 2341 quid
1152 2263 1263 2322 vivum
1311 2243 1312 2338 Ξ

202 2358 241 2419 de
264 2368 382 2423 mortua
405 2364 535 2441 pecude,
559 2364 631 2442 quid
654 2383 761 2426 verum
785 2363 824 2424 de
845 2370 968 2424 amente
984 2362 1163 2424 muliercula
1179 2380 1262 2441 spe·

202 2461 263 2520 nari
285 2464 407 2540 potest?
453 2465 533 2538 Quid
555 2472 721 2543 postremo,

203 2607 289 2692 [419]
318 2611 460 2698 lnslccit
487 2638 562 2683 cnm
588 2619 729 2701 pinquis
757 2616 843 2681 ebur
867 2615 1072 2701 liprrbenue
1093 2616 1140 2679 od
1160 2632 1261 2701 cras,

203 2765 349 2841 expositis
378 2772 497 2849 opimae
525 2772 651 2851 pecudis
681 2772 849 2848 intestinis,
883 2788 945 2833 non
972 2772 1067 2853 finget
1095 2770 1261 2832 esuriens?

201 2862 275 2925 Nam
306 2867 386 2929 sicut
413 2874 470 2951 ipsi
500 2872 649 2947 latentur,
677 2871 728 2947 uel
759 2872 904 2949 obscura,
932 2873 982 2933 vel
1016 2872 1091 2932 falsa
1125 2872 1261 2933 dicendo

202 2963 268 3042 ipse
292 2968 401 3043 Apollo
424 2970 552 3031 seducit.
592 2970 795 3041 Quamobrem
819 2990 919 3051 aequo
942 2973 1043 3034 animo
1066 2970 1175 3052 ierant,
1202 2974 1261 3033 etsi

202 3062 314 3124 imitari
338 3066 449 3130 iterum
472 3070 595 3147 nolunt,
618 3086 674 3131 nos
698 3070 728 3131 id
756 3073 894 3133 veritatis
917 3073 1036 3152 Judicio
1063 3074 1154 3133 otiam
1180 3090 1259 3152 pro-

202 3160 321 3242 hibere,
345 3170 426 3247 quod
449 3178 616 3250 potuerunt
638 3172 768 3253 majores
784 3190 890 3233 corum
905 3173 956 3234 vel
972 3173 1161 3253 experiendo
1176 3191 1259 3234 con-

203 3269 351 3331 temnere.
395 3268 515 3332 Interea
547 3271 626 3349 apud
661 3272 860 3351 Dyrrachium
889 3265 976 3334 multi
1005 3273 1140 3335 Orientis
1166 3292 1260 3353 reges

203 3362 240 3423 ad
262 3365 437 3446 Pompeium
460 3390 528 3432 cum
552 3371 675 3433 auxiliis
697 3381 918 3435 convenerunt.
963 3375 1031 3447 Quo
1054 3392 1123 3434 cum
1148 3373 1262 3435 Caesar

203 3464 354 3543 venisset,
377 3469 552 3549 Pompeium
581 3471 742 3533 obsidione
771 3472 883 3535 frustra
913 3474 1024 3547 cinxit,
1052 3474 1118 3552 ipse
1147 3480 1260 3535 terram

204 3564 380 3639 quindecim
397 3570 522 3631 millium
539 3588 661 3650 passum
677 3572 758 3633 fossa
774 3580 981 3651 praestruens,
1004 3592 1074 3634 cum
1097 3572 1142 3633 illi
1166 3576 1261 3635 maria

202 3668 350 3754 paterent.
393 3668 554 3749 Pompeius
577 3671 735 3733 castellum
759 3673 910 3752 quoddam
939 3674 1144 3752 propinquum
1173 3674 1260 3749 mari,

202 3763 285 3838 quod
312 3764 506 3831 Marcellinus
534 3768 693 3847 tuebatur,
716 3774 843 3849 evertit,
867 3773 1080 3851 praesidiaque
1109 3772 1260 3849 Caesaris,

204 3876 283 3935 quae
306 3864 418 3927 ibidem
443 3868 647 3943 morabantur,
671 3870 791 3930 occidit.
827 3871 940 3931 Caesar
950 3873 1136 3950 Torquatum
1153 3872 1259 3954 legio-

204 3970 337 4033 nemque
353 3980 455 4048 unam,
479 3974 512 4026 nt
528 3974 730 4045 expugnaret,
751 3968 916 4048 adgressus
939 3977 993 4032 est.
1032 3970 1098 4033 Hoc
1121 3973 1260 4051 periculo
