2634 4434
707 306 778 376 118

636 407 843 418 ——nn-——n-

214 548 292 610 dnos
314 552 346 607 et
364 542 557 625 septuaginta
579 557 677 603 annos
699 540 736 602 ab
752 539 834 603 Elisa
850 540 972 602 condita
988 539 1155 619 invenitur,
1179 544 1261 625 ejus·
1307 491 1310 626 1

216 645 306 722 [225]
336 662 397 725 qne
425 642 563 704 cladibus
591 660 627 703 ao
655 642 831 704 domesticis
860 640 962 718 malis,
994 641 1076 704 sicut
1108 643 1261 723 PompeJus

213 751 332 830 Trogus
354 751 386 806 et
406 743 545 805 lustinus
568 732 753 821 exprimunt,
776 741 827 804 vel
849 759 947 822 pauca
968 739 1150 806 referantur.
1189 743 1262 805 Car-'

213 849 423 930 thaginienses
449 842 647 905 vernaculum
671 849 764 922 atque
786 843 964 905 intestinum
987 859 1110 923 semper
1131 843 1213 906 inter
1234 861 1261 905 se

213 949 325 1012 malum
347 945 484 1007 habuere
503 943 700 1006 discordiam:
726 961 785 1023 qua
806 941 973 1006 infeliciter
992 942 1168 1026 exagitante
1184 944 1262 1006 nulla

212 1065 349 1130 unquam
371 1053 507 1124 tempora
528 1043 579 1106 vel
602 1041 677 1104 foris
699 1061 854 1124 prospera,
877 1043 928 1106 vel
944 1043 1026 1106 domi
1043 1047 1148 1123 quieta
1163 1043 1261 1106 duxe-

211 1157 292 1214 runt
337 1145 397 1210 Sed
420 1163 489 1207 cum
513 1145 595 1206 inter
616 1151 738 1206 caetera
762 1143 839 1206 mala
861 1144 952 1206 etiam
975 1143 1149 1224 pestilentia
1175 1143 1260 1206 labo-

212 1255 332 1326 rarent‚
359 1246 532 1308 homicidiis
559 1261 614 1325 pro
641 1245 788 1332 remediis
810 1245 858 1306 usi
881 1252 967 1306 sunt:
993 1244 1105 1324 quippe
1128 1245 1262 1307 homines

212 1359 248 1414 ut
264 1349 404 1412 victimas
418 1345 617 1423 immolabant,
637 1352 832 1424 aetatemque
848 1344 1049 1424 impuberem,
1073 1364 1152 1425 quae
1175 1346 1262 1408 etiam

211 1451 345 1514 bostium
374 1447 614 1508 misericordiam
641 1451 839 1525 provocaret,
872 1445 933 1506 aris
966 1445 1177 1508 admovebant.
1220 1447 1262 1507 De

213 1568 276 1634 quo
297 1563 470 1624 sacrorum,
499 1547 592 1608 immo
619 1546 851 1627 sacrilegiorum
873 1563 991 1626 genere
1014 1545 1087 1625 quid
1109 1546 1262 1626 potissime

213 1647 439 1714 discutiendum
467 1648 523 1725 sit,
551 1664 613 1709 non
642 1647 777 1707 invenio.
821 1643 853 1706 Si
881 1647 962 1708 enim
990 1646 1163 1726 hujusmodi
1188 1648 1262 1709 ritus

212 1750 308 1832 aliqui
330 1749 496 1811 daemones
518 1748 697 1828 praecipere
719 1747 786 1807 ausi
808 1753 896 1828 sunt,
923 1754 957 1809 ut
986 1747 1133 1809 mortibus
1160 1746 1261 1809 homi-

211 1863 285 1913 num
314 1848 470 1910 occisione
499 1846 654 1908 hominum
678 1846 855 1924 satisfieret,
878 1847 1111 1930 intelligendum
1134 1846 1209 1925 fuit,
1231 1865 1262 1909 se

213 1949 369 2031 operarios
402 1937 495 2027 atque
528 1931 683 2027 adjutores
716 1946 909 2028 pestilentiae
944 1948 1090 2014 conduci:
1129 1954 1163 2009 ut
1196 1949 1262 2029 ipsi,

213 2067 292 2131 quos
319 2047 370 2110 illa
399 2065 461 2108 non
490 2047 704 2127 corripuisset,
734 2048 927 2110 occiderent:
958 2065 1047 2112 sanas
1070 2049 1151 2110 enim
1172 2054 1263 2128 atque

212 2153 404 2229 incorruptas
427 2147 531 2209 offerri
553 2147 667 2210 hostias
690 2165 754 2211 mos
777 2155 834 2230 est,
857 2149 899 2212 ita
922 2156 955 2211 ut
971 2149 1015 2212 illi
1038 2168 1099 2211 non
1122 2148 1263 2212 sedarent

212 2250 336 2313 morbos
364 2248 418 2312 sed
446 2250 670 2328 praevenirent.
714 2249 821 2328 ltaque
849 2248 1116 2330 Carthaginienses
1144 2249 1262 2311 adveris

213 2353 272 2416 diis
299 2356 423 2430 propter
449 2349 621 2412 istiusmodi
647 2367 749 2424 sacra,
782 2348 862 2408 sicut
888 2347 1048 2428 Pompejus
1081 2349 1203 2430 Trogus
1234 2355 1261 2409 et

211 2451 351 2514 lustinus
373 2448 524 2541 fatentur,
550 2451 630 2512 siout
657 2454 760 2508 autem
787 2447 867 2527 apud
894 2463 951 2508 nos
978 2453 1113 2524 constat,
1141 2457 1260 2529 propter

211 2552 469 2633 praesumtionem
493 2551 743 2630 impietatemque
769 2549 904 2628 ipsorum
926 2549 1004 2610 irato
1025 2547 1107 2625 Deo,
1135 2567 1206 2611 oum
1232 2551 1260 2610 in

213 2648 303 2726 [226]
328 2649 431 2714 Sicilia
453 2651 506 2712 diu
529 2647 695 2711 infeliciter
717 2647 924 2725 dimicassent,
946 2647 1091 2710 translato
1107 2649 1138 2710 in
1156 2649 1259 2712 Sardi-

211 2753 292 2814 niam
315 2751 409 2829 beilo,
432 2752 542 2812 iterum
567 2745 723 2809 infelicius
745 2748 819 2810 victi
840 2754 926 2811 sunt:
951 2751 1179 2830 propterquod
1202 2751 1259 2812 du·

211 2871 278 2917 cem
294 2870 383 2914 suum
398 2850 536 2910 blazeum
552 2854 583 2909 et
598 2864 722 2927 paucos
745 2849 798 2929 qui
819 2846 1044 2928 superfuerant,
1068 2851 1180 2914 milites
1203 2870 1258 2913 ex·

211 2955 313 3015 sulare
330 2953 500 3032 jusserunt.
531 2947 661 3009 Exsules
684 2950 806 3010 veniam
827 2967 884 3029 per
905 2950 1022 3031 legatos
1044 2957 1185 3029 petentes
1206 2969 1258 3013 re-

213 3052 292 3133 pulsi
320 3048 447 3130 patriam
475 3046 556 3110 bello
579 3055 610 3110 et
632 3049 792 3112 obsidione
815 3051 986 3113 cinxerunt.
1031 3049 1076 3113 lbi
1100 3059 1173 3114 tunc
1194 3052 1258 3114 Ma·

211 3167 286 3226 zeus
315 3149 378 3211 dux
405 3150 545 3211 exsulum
576 3149 788 3213 Carthalonem
817 3150 912 3213 filium
940 3169 1045 3232 suum,
1073 3154 1259 3215 sacerdotem

210 3251 370 3329 Herculis,
399 3251 480 3331 quod
507 3251 567 3313 sibi
589 3250 676 3314 velut
698 3250 847 3313 insultans
870 3258 1053 3332 purpuratus
1075 3260 1259 3330 occurreret,

210 3356 243 3414 in
265 3370 388 3414 crucem
416 3351 473 3413 sub
502 3351 600 3413 oculis
627 3353 759 3436 patriae,
787 3352 828 3413 ita
858 3358 891 3414 ut
918 3359 997 3430 erat,
1024 3371 1093 3415 cum
1120 3355 1259 3435 purpuris

210 3450 380 3531 infulisque
401 3453 567 3530 suspendit.
606 3453 677 3516 Post
698 3469 811 3534 paucos
834 3451 900 3515 dies
922 3453 1029 3515 urbem
1053 3455 1148 3534 ipsam
1173 3456 1259 3534 cepit,

211 3553 281 3632 qui,
303 3569 372 3612 oum
399 3550 569 3616 interfectis
591 3552 730 3634 plurimis
756 3560 931 3616 senatorum
961 3562 1089 3617 cruente
1118 3555 1259 3617 domina-

209 3658 310 3728 retur,
338 3651 459 3724 occisus
488 3660 543 3716 est.
587 3653 671 3716 llaec
693 3653 881 3734 temporibus
904 3653 975 3736 Cyri
996 3655 1081 3738 regis
1103 3656 1260 3718 Persarum

208 3759 296 3835 gesta
318 3758 397 3813 sunt.
441 3751 511 3815 Post
531 3752 609 3814 baec
630 3769 705 3814 vero
728 3751 851 3831 lmiloo,
874 3771 931 3816 rex
953 3755 1261 3837 Carthaginiensium,

209 3869 278 3911 cum
295 3851 326 3910 in
344 3851 448 3912 Sicilia
464 3850 578 3911 bellum
593 3859 727 3932 gereret,
750 3859 878 3932 repente
893 3854 1033 3918 horribili
1054 3862 1142 3936 peste
1166 3874 1260 3919 exer-

209 3949 303 4009 citum
326 3949 433 4011 amisit.
469 3948 534 4060 Nec
554 3967 654 4028 mora,
677 3951 791 4016 morbis
812 3955 923 4036 populo
939 3957 1116 4020 catervatim
1133 3939 1261 4022 cad'ente
