2634 4434
538 316 610 385 237

53 568 117 613 cum
141 550 319 613 auctoribus
346 567 455 613 causas
482 548 579 613 luisse
606 556 796 626 consumma,
823 548 959 613 recidiva
985 554 1102 620 semina

51 651 82 736 in
105 650 214 713 eodem
238 668 311 732 agro
332 651 517 732 germinant,
540 668 649 731 magna
669 650 815 711 continuo
831 649 1016 711 metentibus
1032 671 1101 714 ma-

51 751 147 811 lorum
166 752 353 813 incrementa
369 768 438 811 cum
458 768 569 832 magno
591 750 705 811 sudore
727 747 859 810 factura:
883 750 983 811 victor
1003 754 1104 815 civilis

50 850 123 911 belli
146 868 164 910 a
187 849 307 911 civibus
330 850 441 911 Caesar
463 851 623 929 occiditur,
646 852 678 911 in
694 849 819 911 caedem
836 850 927 910 unius
942 850 1105 915 trabuntur

50 952 171 1031 agmina
195 951 395 1013 consciorum.
440 950 563 1013 Certum
591 952 672 1011 euim
701 956 781 1025 erat,
810 951 882 1028 quia
911 950 1023 1013 Caesar
1048 954 1103 1014 in·
1218 1003 1222 1010 .

51 1051 144 1131 digne
167 1056 333 1129 peremtus,
356 1049 460 1129 plures
481 1050 596 1111 babere
617 1056 722 1128 posset
743 1049 866 1109 ultores.
910 1050 1106 1133 Plurimaque

50 1150 194 1213 nobilitas
218 1166 279 1211 una
297 1150 393 1210 simul
414 1155 521 1209 catena
536 1148 664 1209 sceleris
678 1148 849 1227 copulatur,
872 1166 912 1209 nc
928 1149 1007 1211 sorte
1022 1159 1105 1217 tanta

50 1250 199 1311 malorum
234 1250 361 1311 materia
393 1266 455 1309 non
485 1248 558 1309 belli
588 1249 799 1329 magnitudine
824 1248 1017 1330 suppleatur,
1049 1255 1106 1315 sed

50 1350 206 1412 uindictae
227 1348 378 1409 brevitate
400 1354 553 1411 tenuetur.
590 1346 728 1411 Medeam
752 1348 833 1409 illam
856 1347 979 1411 tabulae
1001 1349 1107 1415 lerunt

50 1449 163 1511 dentes
185 1447 336 1525 quondam
367 1450 461 1511 occisi
489 1450 606 1510 sevisse
634 1450 801 1529 serpentis,
825 1468 843 1510 e
865 1448 992 1529 quibus,
1016 1454 1105 1531 quasi

50 1548 362 1627 competenssemini
386 1566 492 1629 seges,
516 1550 623 1609 armati
645 1548 785 1609 homines
806 1556 888 1624 terra
911 1554 1104 1630 emerserint,

50 1666 187 1728 seseque
209 1663 281 1707 mox
302 1647 434 1708 inuicem
458 1648 621 1728 pugnando
644 1648 872 1727 prostraverint.
916 1648 955 1708 Et
982 1652 1105 1729 quidem

50 1748 110 1811 hoe
138 1751 297 1827 poetarum
327 1756 497 1810 commenta
526 1748 697 1821 linxerunt3
731 1754 833 1809 nostra
866 1753 968 1809 autem
1001 1749 1107 1837 licina,

54 1848 185 1910 Caesare
212 1848 331 1925 occiso,
360 1856 472 1928 quanta
500 1848 538 1909 de
567 1847 724 1909 cineribus
751 1850 818 1929 ejus
845 1848 965 1929 agmina
994 1859 1108 1912 armata

52 1944 215 2027 parturiit?
252 1948 371 2020 Quanta
398 1947 479 2009 bella
501 1949 533 2008 in
556 1950 763 2010 testimonium
787 1950 917 2011 miserae
939 1948 1108 2013 foecundi·

54 2050 124 2109 tatis
148 2065 209 2109 uon
233 2048 361 2128 legenda
384 2049 505 2131 pueris,
532 2048 586 2110 sed
608 2050 773 2128 spectanda
796 2050 915 2131 populis
938 2051 1108 2113 excitavit?

55 2154 86 2208 et
110 2155 211 2209 tamen
235 2147 342 2208 horum
366 2150 501 2209 omnium
525 2148 672 2236 malorum
700 2143 821 2208 initium
850 2149 993 2226 superbia
1022 2146 1109 2231 [428]

55 2255 111 2309 est.
146 2246 219 2309 lnde
242 2255 424 2309 exarserunt
445 2246 526 2309 bella
548 2248 661 2323 civilia,
684 2248 758 2308 inde
780 2248 890 2307 iterum
913 2246 1110 2325 pullularunt.

54 2346 123 2409 Non
148 2364 222 2429 ergo
245 2347 356 2425 injusta
378 2348 489 2407 caedes
511 2354 559 2406 est
581 2364 699 2422 eorum,
726 2348 779 2424 qui
802 2364 868 2406 eam
891 2347 1005 2425 injuste
1028 2365 1109 2407 con-

55 2454 229 2523 sectantur,
256 2448 282 2507 si
305 2445 479 2507 ambitionis
501 2444 665 2505 aemulatio
688 2462 742 2523 per
763 2445 846 2521 ipsos
868 2450 961 2521 atque
983 2446 1014 2504 in
1038 2446 1111 2523 ipsis

56 2555 87 2609 et
115 2548 220 2627 agitur
248 2552 279 2605 et
306 2546 447 2623 punitur,
481 2542 580 2603 donec
614 2543 666 2621 qui
695 2539 907 2603 detrectavere
936 2541 1112 2622 collegium,

57 2648 179 2709 discant
198 2644 281 2705 ferre
297 2642 500 2718 dominatuum
524 2658 705 2723 summaque
719 2643 840 2722 imperii
855 2642 949 2704 totius
963 2644 1001 2705 ad
1017 2661 1125 2710 ununa.

57 2748 193 2826 redacta,
216 2744 309 2825 longe
331 2742 414 2805 aliud
436 2760 542 2804 omnes
562 2742 702 2804 homines
716 2742 842 2804 vivendi
856 2759 956 2823 genus
971 2743 1113 2821 subeant,
1159 2791 1161 2795 .

58 2854 93 2908 ut
115 2862 223 2907 omnes
246 2844 404 2906 humiliter
423 2844 545 2923 placere
567 2839 721 2920 studeant,
743 2859 805 2903 non
824 2841 994 2904 insolenter
1008 2842 1113 2905 olien-

60 2947 144 3007 dere.
183 2945 243 3008 Sed
265 2944 303 3006 ad
327 2951 385 3005 tam
408 2943 560 3006 salubrem
584 2941 763 3005 humilitatis
785 2944 952 3005 doctrinam
969 2944 1114 3025 magistro

61 3062 140 3125 opus
162 3052 216 3107 est.
253 3044 360 3123 ltaque
376 3051 545 3122 opportune
567 3042 744 3121 compositis
764 3043 859 3104 rebus
881 3044 1013 3123 Augusti
1030 3045 1113 3107 Cae·
1135 3092 1137 3094 .

62 3147 140 3208 saris
162 3144 349 3224 temporibus
371 3150 460 3203 natus
483 3148 529 3203 est
551 3142 710 3202 Dominus
725 3140 876 3202 cbristus:
901 3144 954 3219 qui
983 3160 1052 3203 cum
1083 3146 1115 3204 in

63 3244 160 3307 forma
175 3245 233 3305 Dei
252 3251 344 3321 esset,
367 3242 494 3303 lormam
516 3242 598 3303 servi
620 3240 778 3301 humiliter
798 3239 960 3301 adsumsit:
985 3247 1019 3302 ut
1041 3249 1116 3304 tunc

64 3345 186 3405 demum
210 3346 307 3425 aptior
328 3344 417 3405 beret
436 3340 613 3402 humilitatis
636 3340 803 3417 institutio,
832 3341 953 3420 quando
971 3342 1035 3422 jam
1060 3360 1117 3422 per

65 3450 162 3505 totum
195 3446 341 3507 mundum
371 3460 469 3524 poena
496 3438 660 3520 superbiae
686 3439 828 3502 omnibus
855 3448 946 3505 esset>
964 3442 1115 3523 exemplo.

383 3560 799 3712 iaputllllll.

70 3746 123 3813 Dc
134 3743 272 3813 uetare
285 3744 471 3812 Octaviano
479 3725 647 3829 dupinio,
658 3745 831 3827 rebusque
838 3760 903 3825 pcr
914 3758 991 3806 eam
999 3743 1118 3825 pestis.

153 3866 244 3927 Anno
266 3866 304 3926 ab
327 3864 408 3927 Urbe
431 3864 552 3927 condita·
573 3862 685 3925 bccx.
701 3858 864 3923 interiecto
878 3856 961 3919 lulio
977 3858 1117 3947 Caesare,
1188 3868 1194 3879 '

71 3956 266 4035 Octavianus
290 3959 342 4035 qui
365 3960 546 4018 testamento
561 3952 635 4014 Julii
658 3951 796 4013 Caesaris
817 3948 963 4019 avunculi
986 3957 1017 4013 et
1038 3950 1118 4013 bae-

935 4066 967 4112 16
