2634 4434
594 360 664 429 183

524 460 732 469 0-—

96 600 196 657 status
225 594 346 675 imperii
372 592 501 655 Romani
525 598 597 677 jure
631 603 832 657 conservatus
861 597 1033 679 judicatur,
1065 607 1155 661 sexto

96 695 261 757 consulatu
283 696 420 777 ejusdem
445 694 476 758 C.
499 694 586 757 ilarii
609 696 650 757 ita
673 693 873 759 labefactatus
902 704 966 775 est,
993 704 1028 759 ut
1056 716 1155 778 paena

97 814 198 877 usque
227 798 264 857 ad
292 803 461 859 extremum
491 797 637 858 intestina
665 796 752 858 clade
780 797 959 861 conciderit.
1003 796 1155 860 Evolverc

95 916 132 959 ac
155 914 338 979 percurrere
362 897 434 958 mibi
458 898 679 960 discordiarum
702 900 848 981 ambages
870 906 903 960 et
923 898 1155 961 inextricabiles

94 998 283 1059 seditionum
312 1016 419 1060 sarisas
446 998 671 1059 incommodum
693 999 785 1061 simul
807 1018 843 1062 oc
865 1000 991 1081 longum
1013 999 1153 1062 videtura

92 1116 170 1160 sane
187 1098 323 1161 breviter
338 1098 510 1177 strinxisse,
532 1098 665 1161 sufficiat
687 1101 769 1179 quod
791 1102 907 1179 primus
929 1101 960 1163 t.
983 1100 1154 1181 Appulejus

92 1199 280 1261 Saturninus
302 1200 428 1261 excitati
456 1200 604 1261 tumultus
631 1207 739 1261 auctor
767 1202 934 1279 exstiterit,
964 1202 1001 1274 Q.
1029 1198 1155 1262 bletello

92 1300 271 1377 Numidico,
294 1300 362 1361 viro
385 1318 459 1362 sanc
482 1301 635 1380 primario,
658 1302 827 1363 acerrimus
843 1303 996 1380 inimicus,
1013 1302 1153 1381 quicum

63 1414 257 1464 ‘censorem
279 1409 433 1487 creatum,
456 1409 641 1481 protractum
669 1402 775 1480 domo,
798 1410 892 1483 atque
914 1404 946 1464 in
969 1400 1152 1483 Capitolium

88 1500 326 1579 confugientem
362 1509 474 1563 armata
508 1501 703 1564 multitudine
737 1502 872 1582 obsedit,
900 1504 984 1567 unde
1011 1504 1150 1583 equitum

88 1601 301 1661 Romanorum
323 1602 534 1681 indignatione
557 1601 696 1678 dejectus
719 1610 781 1680 est,
808 1604 938 1681 piurima
960 1611 1031 1666 ante
1054 1603 1150 1683 Capi·-
1254 1664 1258 1669 ,

89 1701 202 1763 tolium
219 1700 315 1761 caede
330 1699 419 1763 facta.
457 1698 495 1760 Α.
510 1698 651 1761 Nomium
673 1702 787 1763 deinde
808 1704 1039 1782 competitorem
1061 1718 1150 1762 suum

90 1802 279 1863 Saturninus
305 1808 337 1862 et
358 1798 484 1862 Glaucia
507 1799 615 1863 fraude
639 1801 669 1865 G.
692 1801 780 1864 Marii
802 1803 938 1865 consulis
960 1802 1150 1864 occiderunt.

89 1901 311 1982 Subsequente
333 1918 414 1965 armo
437 1901 550 1965 Marius
572 1909 694 1965 sextum
721 1903 835 1967 Consul
857 1911 891 1966 et
905 1903 1031 1970 Glaucia
1053 1920 1149 1984 prae-

89 2010 141 2064 tor
168 2010 199 2065 et
229 2004 411 2066 Saturninus
434 2004 575 2066 tribunus
597 2004 697 2085 plebis
718 2006 973 2085 conspiraverunt
992 2003 1149 2066 Metellum

88 2103 284 2166 Numidicum
312 2106 343 2165 in
372 2105 498 2166 exilium
528 2123 714 2186 quacunque
741 2108 772 2168 vi
799 2124 903 2187 agere.
948 2107 1006 2167 Die
1028 2106 1148 2167 dictaa

88 2205 256 2284 suppositis
284 2204 420 2285 ejusdem
449 2205 591 2268 factionis
613 2206 773 2286 judicibus
796 2224 851 2287 per
872 2204 976 2267 scelus
998 2207 1149 2267 innocens

88 2304 233 2367 Metellus
256 2306 425 2385 damnatus,
449 2308 629 2370 inexilium
653 2326 724 2369 cum
746 2308 840 2369 totius
863 2305 952 2367 Urbis
974 2306 1035 2367 do·
1058 2301 1148 2388 [333]

88 2404 157 2467 lore
180 2406 330 2471 discessit
375 2407 458 2469 ldem
473 2410 667 2473 ¹Saturninus
694 2408 888 2483 Memmium,
915 2408 1017 2486 virum
1042 2422 1150 2470 acrem.

87 2514 122 2567 et
145 2507 316 2589 integrum,
340 2506 406 2571 fieri
429 2506 586 2569 consulein
603 2499 742 2584 timens,
770 2514 837 2568 orta
864 2506 967 2567 subito
993 2505 1147 2565 seditione

88 2606 262 2688 fugientem
286 2627 341 2689 per
363 2608 393 2669 P.
417 2606 553 2668 Mettium
582 2606 745 2669 satellitem
772 2605 896 2669 informi
924 2606 1027 2687 stipite
1055 2621 1145 2665 com-

90 2708 241 2770 minutum
266 2708 430 2771 interfecit.
474 2708 634 2771 fremente
656 2726 717 2789 pto·
735 2710 827 2771 tantis
848 2708 1038 2788 reipublicae
1060 2704 1147 2767 malis

9 2868 11 2875 ,
88 2816 200 2871 senatu
222 2811 398 2890 populoque
420 2809 566 2887 Romano,
590 2809 704 2871 Marius
725 2808 834 2870 consul
855 2806 1086 2870 adcommodato
1106 2805 1147 2867 ad

90 2916 212 2991 tempus
235 2913 377 2993 ingenio,
398 2912 564 2973 consensui
587 2910 737 2972 bonorum
760 2928 830 2973 sese
852 2909 1032 2985 immiscuit,
1055 2923 1145 2967 com-

91 3019 267 3093 motamque
295 3012 414 3094 plebem
442 3013 506 3075 leni
535 3002 674 3074 oratione
701 3011 829 3075 sedavit
875 3010 1058 3074 Saturninus
1091 3008 1145 3069 in-

90 3112 223 3175 famibus
239 3115 323 3176 ausis
342 3098 536 3186 'concionem
549 3113 630 3174 dorni
653 3129 728 3173 suae
750 3111 866 3188 babuit,
888 3112 994 3191 ibique
1016 3109 1054 3171 ab
1077 3108 1145 3170 aliis

89 3214 220 3291 rem-ab
241 3215 309 3277 aliis
331 3214 498 3295 imperator
519 3220 566 3276 est
588 3212 766 3292 adpellatus,
799 3211 922 3288 Marius,
938 3207 1146 3287 manipulatim

89 3314 182 3395 plebe
209 3316 377 3395 descripta,
405 3315 534 3378 alterum
558 3312 716 3377 consulem
738 3330 807 3373 cum
830 3311 990 3391 praesidiis
1013 3310 1045 3372 in
1065 3309 1147 3373 colle

90 3416 252 3496 disposuit,
275 3418 340 3496 ipse
363 3423 464 3497 portas
486 3413 697 3478 communivit
737 3412 772 3475 ln
794 3411 862 3475 foro
884 3412 1032 3493 praelium
1053 3430 1145 3476 eom·-

93 3518 217 3578 missum
241 3525 297 3580 est.
343 3516 525 3579 Saturninus
547 3534 565 3578 a
592 3514 736 3579 Marianis
763 3513 831 3577 foro
858 3516 962 3595 pulsus
988 3516 1022 3576 in
1051 3513 1145 3591 Capi·

92 3618 199 3679 tolium
235 3616 382 3698 confugit.
426 3616 538 3679 Marius
566 3616 697 3696 fistulas,
726 3617 838 3698 quibus
864 3635 904 3679 eo
931 3633 1012 3695 aqua
1040 3612 1144 3675 dedu-

92 3717 230 3795 cebatur,
254 3716 369 3780 incidit.
408 3717 526 3779 fielium
549 3719 662 3781 deiude
684 3720 717 3781 in
732 3720 817 3781 aditu
833 3717 974 3796 Capitolii
988 3710 1145 3773 horridum

92 3820 165 3881 satis
188 3826 288 3880 actum
312 3825 368 3897 est,
392 3818 479 3882 multi
501 3821 582 3905 cirea
604 3820 762 3883 Saufeium
786 3824 817 3879 et
831 3814 1029 3880 Saturninum
1053 3808 1144 3877 caesi.

93 3916 278 3981 Saturninus
300 3919 397 3999 palam
420 3920 578 3983 clamitans
600 3920 727 3983 Marium
749 3923 905 3980 auctorem
926 3930 995 3975 esse
1009 3915 1147 3977 omnium

93 4020 286 4083 molitionum
307 4038 430 4085 suarum
453 4026 642 4083 contestatus
664 4026 719 4081 est
764 4016 840 4079 Cum
866 4020 969 4077 autem
997 4014 1062 4094 ipse
1085 4012 1146 4076 Sa-
