2634 4434
558 363 631 433 253

490 466 698 476 ———--

55 601 149 672 erat,
178 592 322 682 inquiunt
348 612 454 656 creare
481 597 644 675 mundum,
667 615 852 680 componere
875 620 979 682 pacem
1003 611 1117 688 mundi,
1196 587 1206 598 ’

53 695 224 756 insinuare
246 695 360 757 mundo
387 695 503 757 cultum
531 714 568 758 ac
594 700 733 760 notitiam
761 702 825 776 sui,
854 703 927 781 quid
957 721 1032 782 opos
1061 707 1119 770 fnit

53 801 149 856 tanta
170 794 238 870 vel,
261 801 295 854 ut
316 795 374 887 ipsi
394 797 546 873 sentiunt,
570 804 629 859 tam
652 801 824 878 perniciosa
847 801 1008 881 patientia,
1031 813 1065 866 ut
1086 809 1118 868 in

53 895 174 956 ultimo
202 893 374 974 erroribus,
406 896 545 959 cladibus
576 898 796 979 laboribusque
828 900 986 963 bominum
1020 904 1119 985 lieret,

54 996 149 1075 quod
176 1013 194 1056 a
221 995 369 1074 principio
398 997 510 1058 virtute
538 1000 621 1077 ejus,
655 1017 747 1078 quem
780 1003 954 1079 praedicas,
983 1003 1041 1066 Dei
1074 1008 1119 1069 sio

52 1097 167 1176 potius
196 1097 335 1176 coepisse
368 1094 539 1175 potuisset?
583 1097 703 1170 Quibus
730 1099 854 1177 quidem
882 1105 1036 1164 veraciter
1062 1123 1118 1168 rc-

51 1196 217 1276 spondere
244 1211 382 1275 possem,
411 1193 449 1255 ad
477 1193 536 1256 boc
562 1195 601 1257 ab
622 1196 712 1258 initio
735 1205 870 1260 creatum
894 1208 925 1262 et
946 1203 1118 1268 institutum

51 1297 230 1358 humanum
258 1309 375 1373 genus,
408 1300 443 1354 ut
467 1294 525 1356 sub
551 1296 704 1377 religione
733 1315 802 1359 cum
825 1302 991 1379 pacasino
1013 1302 1118 1368 labore

51 1399 173 1458 vivens
200 1392 304 1454 fructu
330 1392 523 1456 obedientiae
550 1399 763 1460 aeternitatem
793 1407 1035 1479 promereretur:
1061 1405 1117 1466 sed

49 1498 193 1558 abusum
220 1492 355 1554 bonitate
383 1496 529 1556 creatoris
556 1496 728 1560 libertatern
757 1499 945 1581 indulgentis
972 1501 1003 1562 in
1034 1521 1115 1566 con-

50 1606 216 1659 tumacem
242 1593 372 1653 vertisse
398 1593 568 1671 licentiam,
596 1603 689 1676 atque
719 1615 758 1658 ex
785 1607 942 1662 contemtu
971 1601 1001 1660 in
1030 1603 1114 1665 obli-

52 1699 186 1759 vionem
209 1691 389 1770 deflexisse,
414 1691 587 1774 justamque
608 1713 692 1757 nunc
715 1713 783 1758 esse
805 1699 981 1777 patientiam
1004 1702 1061 1763 Dei
1085 1712 1116 1765 et

49 1800 171 1879 justam
195 1794 227 1853 in
250 1799 560 1873 utramquepartem,
584 1801 618 1856 ut
639 1813 698 1857 nec
720 1803 892 1860 contemtus
915 1798 1068 1878 disperdat
1084 1805 1115 1866 in

54 1905 176 1971 totum,
204 1894 256 1954 oui
284 1893 424 1956 misereri
451 1894 542 1970 velit3
572 1902 603 1957 et
624 1895 714 1958 adfici
735 1897 908 1978 laboribus,
932 1899 1010 1960 dum¹
1029 1904 1114 1980 velit,

54 1999 143 2059 sinat
171 1999 344 2056 contemtus
377 2000 493 2075 potens.
536 1996 656 2058 Deinde
689 1996 884 2078 subsequens
916 2017 1001 2078 esse,
1031 2005 1115 2084 juste

55 2113 184 2175 semper
215 2094 362 2157 adbibere
395 2095 534 2174 quamvis
567 2097 722 2177 ignoranti
754 2099 1027 2179 gubernationem,
1065 2103 1116 2164 oui

56 2195 228 2275 aliquando
260 2196 310 2275 pie
337 2196 536 2256 restituturus
563 2198 602 2256 sit
628 2197 800 2275 poenitenti
827 2201 972 2277 antiquae
999 2203 1116 2278 gratiae

54 2295 248 2358 facultatem.
294 2294 355 2357 Sed
376 2293 453 2355 baec
475 2296 635 2374 quoniam,
665 2295 724 2355 etsi
745 2295 906 2356 verissime
928 2294 1114 2360 fortissime·
1197 2337 1201 2342 -

56 2399 125 2478 que
153 2397 313 2469 dicuntur,
341 2393 462 2454 fidelem
488 2401 591 2454 tamen
613 2401 706 2472 atque
729 2392 923 2455 obedientem
948 2414 1003 2456 rc·
1028 2393 1114 2480 [452]

56 2498 201 2578 quirunt,
224 2493 298 2554 mibi
319 2498 432 2568 autem,
454 2491 562 2550 videro
584 2509 623 2551 au
645 2490 810 2567 aliquando
833 2493 1006 2568 credituris,
1030 2505 1115 2556 certe

55 2615 147 2659 nunc
163 2611 231 2655 curn
244 2590 412 2652 incredulis
433 2589 513 2650 actio
535 2595 598 2663 est3
622 2587 770 2668 promtius
793 2607 829 2651 ea
850 2588 1013 2669 proleram,
1037 2610 1116 2672 quae
1166 2670 1168 2674 Α

58 2705 94 2760 et
116 2695 186 2774 ipsi,
210 2693 267 2752 etsi
289 2689 419 2770 probare
441 2687 606 2765 noluerint,
621 2687 794 2767 improbare
809 2706 872 2750 non
887 2691 1013 2768 possint.
1050 2691 1115 2754 lta-

61 2814 126 2877 que
149 2797 296 2873 quantum
324 2788 362 2850 ad
390 2788 608 2850 conscientiam
636 2787 836 2849 humanarum
864 2791 1011 2850 mentium
1039 2810 1115 2870 per-

61 2899 151 2972 tinet,
175 2893 298 2970 utrique
320 2888 378 2951 sub
399 2889 574 2949 reverentia
597 2887 758 2968 religionis
776 2895 808 2950 et
830 2886 1024 2951 confessione
1047 2891 1118 2953 cul-

63 3005 162 3076 tuque
183 3007 336 3071 supernae
358 2987 513 3067 potentiae
534 2987 682 3065 vivimus,
706 2975 838 3051 distante
865 2988 1011 3050 duntaxat
1037 2990 1115 3054 lide:

65 3097 138 3177 quia
159 3099 297 3155 nostrum
320 3095 368 3149 est
389 3085 495 3162 lateri,
519 3103 560 3146 ex
579 3105 643 3146 uno
667 3095 698 3146 et
719 3105 774 3166 per
795 3106 889 3148 unum
913 3089 1011 3150 Deum
1035 3110 1115 3153 con-

63 3205 146 3260 stare
168 3193 284 3255 omnia:
309 3189 430 3251 illorum
453 3181 512 3245 tam
536 3185 647 3245 multos
670 3185 744 3246 deos
766 3191 884 3264 putare,
909 3203 998 3264 quam
1023 3191 1116 3252 multa

64 3303 138 3360 sunt
159 3294 320 3356 elementa.
365 3289 398 3351 Si
420 3284 576 3366 potentiae
598 3284 668 3362 Dei,
691 3285 845 3364 inquiunt,
875 3302 965 3363 quem
989 3287 1114 3364 praedi-

65 3395 156 3471 catis,
182 3393 255 3468 fuit,
285 3398 320 3452 ut
340 3389 508 3450 Romanum
535 3383 698 3463 imperium
728 3391 787 3445 tam
818 3384 965 3463 amplum,
997 3405 1032 3448 ac
1055 3395 1115 3450 tam

65 3495 196 3560 sublime
218 3492 316 3568 lieret,
339 3506 394 3550 cur
415 3487 511 3566 igitur
532 3485 678 3563 patientia
699 3483 837 3565 ejusdem
861 3483 970 3572 obluit,
993 3494 1027 3549 ut
1045 3496 1116 3550 ante

66 3614 127 3658 non
155 3593 264 3654 lieret?
309 3587 427 3662 Quibus
454 3584 511 3645 sub
539 3584 647 3645 eodem
674 3583 771 3646 verbo
799 3586 1048 3663 respondebitur:
1084 3586 1117 3648 Si

66 3692 221 3777 potentiae
244 3691 382 3765 deorum,
405 3701 483 3766 quos
505 3683 697 3764 praedicatis,
719 3682 789 3760 luit,
812 3690 845 3744 ut
859 3683 1028 3744 Romanum
1049 3680 1115 3742 lm-

67 3795 185 3875 perium
207 3798 268 3852 tam
290 3787 421 3866 amplum
443 3803 480 3846 ac
502 3790 562 3845 tam
585 3782 716 3845 sublime
738 3781 836 3857 lieret,
859 3797 915 3841 cur
936 3781 1031 3860 igitur
1055 3797 1114 3858 pa-

66 3894 174 3958 tientia
196 3888 365 3953 eorundem
393 3883 512 3960 obluit,
535 3889 662 3944 utante
684 3875 877 3941 nuntiaret?
913 3877 963 3938 An
990 3877 1047 3956 ipsi
1073 3879 1118 3942 dii

68 3993 201 4056 nondum
224 3987 335 4052 erant?
357 4003 397 4048 an
418 3983 518 4045 adbuc
532 3981 626 4043 Roma
647 3982 712 4058 ipsa
733 3993 796 4040 non
819 3971 905 4038 erati
926 3993 965 4037 an
988 3976 1032 4042 illi
1054 3995 1117 4041 aon

931 4091 962 4142 17
