2634 4434
708 272 754 340 14

200 527 297 595 zuges
329 527 385 591 por
412 508 542 588 longum
574 505 699 572 Africae
725 505 853 569 limitem
879 507 1067 588 generaliter
1095 517 1254 588 vocentur,

200 613 294 676 hahet
321 610 358 672 ab
388 605 507 672 oriente
529 625 597 670 aras
619 607 814 670 Philenorum
837 607 919 669 inter
942 607 1048 688 Syrtes
1071 611 1203 689 majores
1226 618 1254 671 et

199 712 409 795 Troglodytas,
425 728 442 771 a
457 708 669 788 septentrione
684 706 932 786 mareSiculum,
955 708 1006 770 vel
1020 710 1122 789 potins
1137 709 1252 772 Adria-

199 815 311 890 ticum,
334 818 366 873 ct
388 808 494 889 Syrtes
517 809 669 885 minares,
690 806 728 868 ah
754 809 1061 890 ,occasussyaacium
1088 800 1253 889 usquead

198 916 300 979 lacum
329 910 515 986 Salinarum,
542 928 559 971 a
588 908 717 970 meridie
738 905 884 970 barbaros
907 907 1050 991 Getulcs,
1071 911 1251 986 Nathabres,

199 1023 231 1080 et
259 1013 470 1087 Garamantas,
504 1027 603 1090 usque
636 1009 674 1072 ad
702 1007 859 1071 Oceanum
887 1009 1103 1090 Aethiopicum
1130 1013 1251 1091 pertin-

197 1122 316 1198 gentes.
360 1111 541 1192 Byzacium,
575 1109 704 1190 Zeugis,
737 1116 769 1170 et
793 1108 951 1172 Numidia.
1005 1111 1118 1192 Zeugis
1150 1119 1251 1173 autem

197 1218 283 1298 prius
304 1230 366 1274 non
388 1214 481 1273 unius
504 1210 763 1286 conventus,.sed
786 1211 880 1272 totius
901 1212 1078 1291 provinciae
1105 1211 1251 1292 generale

197 1318 296 1379 fuisse
319 1329 431 1386 nomen
454 1311 637 1373 invenimus.
681 1309 846 1390 Byzacium
868 1328 960 1393 ergo,
988 1311 1043 1372 uhi
1064 1311 1251 1376 Adrumetus

199 1413 265 1498 [31]
298 1413 423 1476 civitas:
464 1411 575 1492 Zeugis
608 1409 847 1492 ublIOarthago
879 1429 1005 1494 magna,
1035 1413 1172 1474 numidia
1200 1414 1251 1474 ubi

197 1519 296 1598 Hippo
311 1513 417 1594 regius
432 1518 463 1573 et
477 1509 647 1572 Rusiccada
662 1512 802 1576 civitates
823 1518 909 1574 sunt:
934 1512 1049 1574 hahent
1070 1513 1107 1575 ab
1130 1515 1250 1575 criente

198 1618 305 1699 Syrtes
327 1615 463 1675 minores
486 1617 517 1674 et
537 1611 637 1680 lacum
666 1611 855 1690 Salinarum,
884 1630 902 1673 a
929 1616 1140 1692 septentrione
1169 1632 1250 1674 mare

195 1717 356 1794 Nostrum,
385 1713 467 1793 quod
494 1719 611 1793 spectat
638 1711 676 1772 ad
706 1710 841 1774 Siciliam
869 1719 901 1772 et
928 1711 1097 1776 Sardiniam
1125 1713 1250 1794 insulas,

197 1817 235 1880 ab
258 1831 370 1878 occaso
395 1812 605 1874 Mauritaniam
630 1809 817 1888 Sitifensem,
840 1829 857 1872 a
880 1813 1009 1874 meridie
1032 1821 1150 1875 montes
1166 1813 1249 1876 Uza-

195 1935 265 1980 rae:
290 1923 321 1978 et
343 1919 411 1994 post
433 1928 486 1974 eos
506 1911 692 1992 Aethiopum
714 1918 841 1992 gentes:
865 1920 1068 1995 pervagantes
1090 1915 1250 1994 usquead

196 2016 354 2080 Oceanum
376 2011 600 2092 Aethiopicum.

288 2198 441 2267 Sitifensis
464 2206 495 2261 et
510 2198 718 2262 Caesariensis
732 2199 911 2270 Mauritania
932 2200 1046 2263 habent
1067 2201 1104 2264 ah
1122 2191 1250 2265 Oriente
1301 2180 1302 2249 l

195 2303 379 2379 Numidiam,
402 2319 419 2362 a
442 2300 650 2380 septentrione
667 2318 750 2362 mare
765 2300 918 2379 Nostrum,
941 2301 978 2362 ab
1002 2319 1113 2364 occasu
1134 2303 1250 2364 flumen

195 2403 342 2479 Malvam,
371 2420 389 2463 a
416 2400 544 2463 meridie
576 2407 711 2462 montem
746 2401 909 2480 Astrixim,
941 2405 995 2482 qui
1028 2403 1137 2464 dividit
1169 2405 1251 2466 inter
1301 2412 1302 2491 t

195 2505 295 2566 vivam
319 2510 429 2564 terram
459 2508 491 2562 et
518 2519 626 2564 arenas
651 2503 793 2582 jacentes
820 2519 919 2582 usque
948 2503 987 2564 ad
1014 2502 1188 2565 Oceanum:
1218 2506 1249 2565 in
1301 2522 1302 2587 t

159 2621 161 2625 ·
196 2604 308 2684 quihus
331 2609 361 2662 et
383 2601 528 2663 oberrant
550 2600 706 2682 Gorgines
729 2601 905 2680 Aethiopes.
945 2603 1106 2684 Tingitana
1129 2603 1249 2684 Mauri·
1301 2590 1302 2655 ἶ

195 2707 277 2767 tania
306 2701 412 2763 ultima
440 2707 487 2762 est
514 2699 646 2763 Africae.
691 2700 774 2762 Haec
801 2701 893 2764 habet
921 2703 958 2764 ab
987 2703 1107 2764 oriente
1134 2704 1250 2765 flumen
1301 2736 1302 2749 ÷

89 2881 92 2888 Ι
194 2803 340 2879 Malvam,
374 2819 391 2862 a
424 2803 633 2881 septentrione
667 2818 750 2862 mare
777 2800 919 2863 Nostrum
948 2805 1048 2883 usque
1076 2804 1113 2864 ad
1137 2803 1248 2866 lretum
1301 2818 1302 2877 j

197 2903 393 2986 Gaditanum,
417 2901 498 2980 quod
522 2891 603 2963 inter
623 2900 786 2963 Abennem
810 2910 842 2964 et
864 2902 988 2982 Calpen,
1012 2904 1077 2973 duo,
1096 2906 1250 2967 contraria
1301 2902 1302 2929 l

195 3004 254 3067 sibi
270 3003 486 3082 promontoria,
510 3010 677 3091 coartatur:
701 3003 739 3064 ab
755 3004 916 3065 occidente
931 3003 1086 3065 Atlantem
1102 3012 1249 3082 montem,
1301 2982 1302 3067 ἶ

196 3112 228 3166 et
256 3103 413 3165 Oceanum
441 3101 644 3179 Atlanticum,
677 3103 734 3165 suh
768 3101 864 3165 alrico
890 3104 1072 3184 Hesperium
1101 3112 1248 3182 montem,
1301 3154 1302 3157 ,

195 3223 213 3266 a
242 3203 369 3265 meridie
396 3209 506 3284 gentes
533 3201 696 3284 Aulolum,
729 3223 807 3285 quas
840 3222 923 3265 nunc
957 3203 1097 3267 Galaulas
1124 3204 1248 3281 vocant,
1301 3208 1302 3229 ³

196 3300 261 3386 [32]
284 3302 444 3383 usquead
467 3301 622 3365 Oceanum
645 3305 826 3386 Hesperium
850 3307 1073 3386 contingentes.
1117 3305 1175 3378 llic
1201 3291 1249 3366 est

194 3405 358 3466 universae
381 3404 529 3465 terminus
551 3403 683 3469 Africae.
720 3405 809 3467 Nunc
830 3405 999 3468 insularum
1022 3423 1102 3485 quae
1124 3407 1156 3467 iu
1178 3405 1247 3466 No·

194 3511 258 3566 stro
281 3503 356 3564 mari
378 3509 465 3580 sunt,
489 3503 571 3582 loca,
601 3507 741 3584 nornina,
769 3514 800 3568 et
826 3507 922 3587 spatia
951 3506 1099 3567 dimetiar.
1144 3505 1249 3568 Insula
1301 3524 1302 3551 1

195 3605 311 3686 Cypros
333 3602 370 3664 ab
386 3604 506 3666 criente
520 3606 597 3680 mari
614 3604 713 3686 Syrio,
737 3588 828 3686 quem
851 3605 977 3669 issicum
1000 3607 1101 3667 sinum
1123 3613 1248 3681 vocant,
1301 3662 1302 3665 ,

194 3703 232 3767 ab
255 3703 416 3765 occidente
438 3706 513 3766 mari
534 3705 743 3785 Pamphylico,
771 3724 788 3767 a
811 3707 1021 3786 septentrione
1043 3706 1166 3769 Aulone
1189 3706 1246 3766 Ci—
1301 3714 1302 3719 ’

193 3803 265 3881 lico,
288 3823 304 3864 a
328 3804 455 3866 meridie
479 3803 586 3884 Syriae
609 3810 640 3864 ct
661 3805 830 3878 Phoenices
851 3807 961 3887 pelago
985 3808 1133 3891 cingitur:
1158 3806 1248 3886 cujus

194 3905 323 3982 spatium
346 3905 377 3966 in
401 3902 494 3982 longo
517 3908 602 3964 tenet
624 3903 718 3966 millia
739 3922 882 3991 passuum
905 3915 1030 3970 centum
1050 3909 1248 3990 septuaginta
