2634 4434
543 332 617 401 219

59 568 155 629 omma
184 566 310 628 consilia
338 566 444 628 mobili
478 567 624 629 terribilis
657 567 790 648 exempli
824 572 925 629 notam
958 569 1106 649 inureret,

57 668 173 729 cunctis
195 665 382 747 principibus
410 684 465 745 per
494 674 642 731 tormenta
671 667 858 745 interiectis,
885 668 1024 748 reliquos
1049 670 1106 731 sub

57 783 167 829 corona
188 767 334 829 vendidit.
375 766 487 829 lisdem
511 767 618 831 diebus
641 770 776 831 Titurius
799 768 930 832 Sabinus
945 767 1107 845 Aulercos,

56 865 254 946 Eburoniees,
273 867 500 948 Lexoviosque,
525 872 577 950 qni
601 872 745 951 primates
767 887 850 947 suos,
873 888 943 931 cnm
965 875 1108 931 auctores

55 966 127 1029 belli
147 968 350 1031 resuscitandi
373 986 441 1031 esse
465 970 592 1047 nollent,
616 970 847 1047 interfecerant,
870 972 1032 1049 eruptione
1055 967 1107 1030 sa-

55 1074 116 1145 cta,
142 1067 318 1131 incredibili
340 1070 435 1131 caede
459 1069 580 1133 delevit.
625 1071 750 1131 Publius
777 1088 853 1133 vero
882 1070 1008 1131 Crassus
1037 1086 1107 1129 cum

54 1168 84 1227 in
113 1168 308 1251 Aquitaniam
341 1170 549 1248 pervenisset,
582 1169 665 1232 bello
694 1177 842 1250 exceptus
869 1176 925 1231 est.
969 1168 1108 1247 Namque

55 1266 208 1333 Sentiates
231 1286 342 1350 magno
366 1272 504 1349 equitatu
527 1270 784 1351 pedestribusque
806 1272 903 1359 copiis
924 1268 1108 1349 praevalidis

52 1368 205 1431 Romanos
224 1369 332 1447 adorti,
357 1370 408 1431 diu
423 1372 559 1451 graviter
575 1372 793 1434 turbaverunt:
817 1378 886 1451 post
906 1370 990 1447 victi,
1013 1376 1107 1449 atque

52 1468 81 1529 in
100 1469 245 1548 oppidum
264 1469 432 1532 Sontiatum
453 1473 551 1533 coacti
573 1472 765 1551 obsessique,
788 1490 857 1535 cum
878 1488 914 1534 se
936 1470 1107 1551 expugnari

50 1568 207 1645 viderent,
230 1570 322 1630 armis
344 1571 461 1631 traditis
483 1572 515 1630 in
538 1570 725 1632 deditionem
747 1572 864 1651 recepti
885 1577 964 1633 sunt.
1002 1570 1107 1649 Aqui-

51 1670 133 1745 tani,
165 1668 253 1729 clade
282 1672 428 1749 permoti,
462 1669 600 1749 undique
633 1674 802 1733 exercitum
836 1669 1033 1732 contrahunt:
1068 1668 1108 1730 de

52 1769 205 1830 citeriore
226 1787 351 1851 qnoque
378 1770 523 1851 Hispania
550 1770 665 1833 auxilia
692 1769 880 1833 arcessuntz'
902 1772 998 1833 duces
1019 1768 1108 1829 ¹bello

52 1870 185 1931 maxime
218 1888 272 1932 eos
305 1870 501 1950 praeficiunt,
535 1872 588 1951 qui
622 1890 691 1933 cum
726 1872 862 1936 Sertorio
896 1871 1107 1934 militaverant.

52 1968 89 2029 Hi
113 1986 221 2031 omnes
244 1972 315 2033 dnm
345 1972 536 2033 obsidionem
561 1972 670 2034 Crasso
698 1980 820 2054 parant,
848 1975 879 2035 in
908 1972 1015 2035 castris
1041 1970 1128 2031 suis-

53 2069 163 2131 Crasso
186 2069 336 2133 obruente
359 2071 453 2133 deleti
474 2079 554 2135 sunt.
597 2072 673 2134 Nam
702 2093 742 2136 ex
770 2074 933 2154 Aquitanis
962 2079 993 2133 et
1021 2071 1106 2131 Can-

54 2167 158 2246 tabriS,
181 2188 310 2249 quorum
335 2172 557 2251 qninquaginta
580 2173 674 2234 miliia
696 2182 769 2234 tuuc
792 2176 824 2233 in
839 2173 989 2235 auxilium
1004 2186 1107 2229 vene-

51 2276 131 2345 rant,
156 2271 280 2350 triginta
303 2278 334 2332 et
356 2273 425 2331 octo
449 2271 542 2331 millia
565 2289 653 2333 caesa
677 2271 862 2334 referuntur.
896 2272 1009 2332 Caesar
1023 2265 1106 2329 Ger-

52 2386 174 2445 manos,
209 2371 263 2449 qui
289 2369 429 2429 Rhenum
460 2387 528 2429 cum
557 2371 714 2431 immensis
743 2373 839 2449 copiis
867 2370 1107 2443 transmiserant,

52 2468 145 2529 simul
168 2476 199 2529 et
222 2476 300 2529 totas
324 2468 437 2529 Gallias
460 2467 613 2547 subjicere
636 2468 695 2529 sibi
718 2470 877 2547 parabant,
907 2467 989 2528 bello
1011 2467 1107 2525 ador-

51 2576 100 2630 tus
123 2568 283 2647 usquead
305 2566 549 2627 internecionem
571 2566 690 2628 cecidit.
732 2570 869 2641 Quorum
896 2566 993 2629 fuisse
1021 2559 1107 2645 [395]

52 2685 215 2730 numerum
239 2665 276 2727 ad
300 2664 456 2728 CCCCXL.
479 2665 572 2728 millia
594 2664 707 2733 ferunt.

421 2919 609 3057 baput
658 2919 784 3072 in·

96 3122 233 3192 Ouarar
255 3124 422 3208 quomodo
445 3120 584 3191 Sueuos
607 3129 642 3191 et
661 3124 853 3192 Britannos
874 3125 1066 3207 subcedit.

140 3281 226 3341 Tunc
249 3278 361 3341 Caesar
382 3280 414 3341 in
438 3276 629 3342 Germaniam
653 3278 734 3341 facto
757 3286 850 3360 ponte
876 3280 1109 3361 transgreditur,

58 3380 231 3441 Sicambros
260 3387 291 3440 et
313 3380 407 3441 Ubios
435 3380 596 3443 obsidione
623 3379 742 3441 liberat.
787 3378 919 3457 Suevos,
950 3382 1109 3445 maximam

59 3488 89 3541 et
116 3478 335 3541 ferocissimam
364 3488 505 3560 gentem,
540 3496 670 3559 quorum
704 3497 772 3541 esse
805 3486 928 3541 centnm
957 3501 1051 3564 pagos
1079 3489 1111 3544 et
1190 3500 1193 3506 ¹

58 3579 185 3659 populos
209 3578 295 3641 multi
318 3581 491 3661 prodidere,
514 3587 671 3660 totamque
687 3578 877 3644 Germaniam
899 3582 1033 3643 adventu
1053 3597 1110 3641 suo

59 3685 169 3740 terret:
198 3696 269 3740 mox
291 3682 322 3741 in
347 3678 472 3741 Galliam
494 3682 626 3743 rescisso
648 3688 757 3761 ponte,
780 3681 932 3743 concedit.
975 3678 1112 3739 Indead

59 3776 193 3839 Morinos
220 3782 322 3857 venit,
352 3780 434 3842 unde
463 3780 495 3841 in
517 3780 704 3843 Britanniam
726 3784 883 3862 proximus
905 3786 936 3839 et
957 3778 1110 3838 brevissi-

60 3893 126 3939 mus
149 3880 294 3942 transitus
317 3886 372 3942 est.
404 3878 540 3943 Navibus
556 3882 680 3943 circiter
696 3880 845 3942 onerariis
860 3885 953 3955 etque
968 3877 1112 3940 actuariis

60 3979 214 4059 octoginta
229 3979 425 4059 praeparatis,
442 3980 474 4040 in
489 3978 676 4043 Britanniam
691 3976 906 4039 transvehitur.
929 3975 987 4038 Ubi
1001 3976 1111 4037 acerba
