2634 4434
536 347 606 417 199

45 591 125 646 terea
158 582 318 665 Olympum
342 590 476 646 montem
500 588 686 665 pervagatus
707 582 856 645 Phaselim
879 586 1007 663 evertit,
1030 585 1094 649 Co-

38 698 145 763 rycum
170 684 274 762 diruit,
297 686 387 747 'l'auri
403 701 535 765 'quoque
559 682 671 745 montis
691 682 786 745 latera
802 685 834 745 in
850 682 987 746 Ciliciam
1010 683 1097 769 [359]

43 787 200 866 vergentia
228 792 451 864 perscrutatus,
481 784 602 847 isauros
634 782 717 847 bello
749 784 862 848 lractos
890 785 1098 848 inditionem

42 884 175 967 redegit:
204 886 319 966 primus
345 884 550 948 Romanorum
577 903 633 966 per
661 884 793 947 Taurum
816 886 905 948 duxit
926 887 1099 949 exercitum

41 1004 74 1044 ac
103 985 231 1048 limitem
260 987 379 1048 itineris
408 984 490 1047 lecit.
535 985 683 1049 Triennio
714 1004 857 1064 emenso,
892 1004 954 1068 quo
982 986 1099 1049 ballum

40 1092 159 1163 gestum
194 1094 255 1164 est,
289 1086 417 1149 lsaurici
449 1103 562 1149 nomen
595 1086 770 1165 adsumpsit.
816 1088 986 1149 Cosconius
1019 1103 1097 1167 pro·

41 1186 167 1248 consule
199 1189 326 1250 sortitus
359 1187 529 1269 illyricum,
564 1188 691 1266 protrita
722 1187 911 1266 subactaque
938 1187 1098 1265 Dalmatia,

42 1283 167 1349 Salonas
197 1288 309 1351 Urbem
339 1287 582 1351 florentissimam
612 1293 681 1368 post
709 1287 868 1351 biennium
890 1288 1013 1351 taudem
1035 1306 1097 1350 ex·
1198 1307 1205 1314 ’

40 1389 189 1467 pugnavit
212 1395 243 1450 et
265 1390 353 1470 cepit.
1047 1382 1054 1393 ‘

366 1639 560 1778 Caput
605 1640 775 1749 llllll.

41 1845 94 1911 De
117 1846 202 1912 bello
221 1840 445 1930 {lugitivorum
465 1865 530 1913 eeu
549 1848 779 1932 gladiatorum
795 1832 999 1946 cicladibus
1014 1850 1098 1931 ejuc

122 1995 217 2060 'Anrm
240 1998 277 2059 ab
300 1998 381 2061 Urbe
404 2002 526 2063 condita
549 2004 776 2065 sexcentesimo
803 2000 933 2064 LXXlX.
968 2001 1098 2066 Lucullo

43 2107 71 2161 et
99 2100 205 2161 Cassio
234 2100 427 2178 consulibus,
455 2103 641 2185 gladiatores
674 2104 868 2184 septuaginta
901 2110 933 2164 et
966 2112 1099 2183 quatuor

44 2200 163 2280 Capuae
186 2200 291 2261 aludo
308 2200 361 2261 Cn.
377 2201 500 2265 Lentuli
523 2204 727 2286 diffugerunt:
751 2204 805 2283 qui
828 2203 986 2279 contiuuo,
1010 2200 1097 2285 [360]

43 2300 171 2363 ducibus
194 2301 285 2362 Crixo
308 2307 339 2389 et
361 2300 518 2366 Oenomao
542 2302 635 2367 Gallis
658 2311 690 2365 et
713 2302 857 2384 Spartaco
880 2301 1007 2381 Thrace,
1029 2303 1097 2365 Ve-

42 2402 162 2463 suvium
197 2407 329 2462 urentem
365 2412 610 2484 occupaverunt;
648 2404 732 2465 unde
770 2410 966 2481 erumpentes
999 2402 1098 2466 Clodii

42 2503 201 2580 praetoriS,
231 2488 285 2581 qui
308 2518 361 2563 eos
388 2502 548 2564 obsidione
571 2504 721 2578 cinxerat,
744 2508 842 2562 castra
865 2510 1096 2581 expugnarunt:

44 2602 171 2684 ipsoque
194 2605 224 2663 in
249 2600 352 2683 lugam
376 2610 454 2681 aeto,
478 2611 588 2665 cuncta
611 2604 641 2663 in
658 2602 801 2682 praedam
817 2607 985 2663 verterunt.
1022 2600 1099 2665 lude

44 2720 96 2781 per
118 2704 315 2767 Consentiam
340 2710 371 2765 et
392 2704 599 2785 Metapontum
622 2702 824 2765 circumducti
846 2703 983 2783 ingentia
1010 2703 1099 2765 brevi

46 2806 166 2885 agmina
192 2804 393 2885 collegerunt.
430 2804 506 2873 Nam
530 2804 620 2866 Crixo
643 2805 751 2878 decem
774 2803 901 2865 millium
925 2802 1099 2882 multitudo,

48 2904 190 2984 Spartaco
206 2912 307 2967 autem
323 2903 434 2985 triplex
449 2913 523 2968 tune
539 2922 686 2968 numerus
701 2902 798 2967 luisse
813 2902 954 2966 refertur.
988 2902 1099 2967 Oeno-

47 3022 130 3067 maus
162 3007 243 3067 enim
266 3005 330 3085 jam
353 3006 385 3067 in
408 3007 567 3087 superiore
590 3006 673 3068 bello
695 3005 796 3069 fuerat
818 3007 948 3069 occisus.
992 3004 1101 3087 ltaque

49 3124 113 3167 oum
130 3105 288 3183 caedibus,
305 3105 467 3184 incendiis,
483 3108 599 3186 rapinis
613 3108 791 3185 stuprisque
806 3108 908 3168 omnia
923 3107 1100 3183 miscerent,

50 3208 79 3267 in
102 3207 259 3286 exsequiis
282 3208 420 3286 captivae
443 3211 609 3283 matronae,
633 3224 713 3285 quae
735 3223 769 3267 se
792 3206 898 3267 dolore
916 3205 1022 3266 violati
1037 3224 1100 3285 pu-

52 3306 129 3371 doris
153 3314 327 3385 necaverat,
352 3325 461 3369 munus
477 3306 679 3389 gladiatorum
696 3323 736 3366 ex
751 3306 984 3387 quadringentis
999 3307 1100 3387 capti-

51 3408 96 3469 vis
121 3409 255 3485 scilicet,
285 3409 338 3488 qui
366 3408 524 3489 spectandi
547 3407 679 3484 inerant,
702 3406 868 3486 spectaturi
890 3413 995 3486 utpote
1016 3408 1100 3471 lani-

54 3514 114 3568 stae
135 3509 337 3589 gladiatorum
360 3510 461 3589 potius
485 3525 574 3588 quam
597 3507 727 3569 militum
750 3508 903 3589 principes
928 3508 1101 3572 ediderunt.

54 3606 169 3670 Deinde
197 3610 341 3671 consules
371 3606 488 3671 Gellius
522 3616 553 3671 et
584 3608 733 3671 Lentulus
764 3608 912 3671 adversus
945 3626 999 3671 eos
1033 3626 1102 3670 cum

56 3710 189 3771 exercitu
213 3702 312 3788 missi,
344 3728 474 3791 quorum
498 3708 614 3773 Gellius
639 3710 762 3773 Crixum
785 3710 934 3771 acerrime
956 3722 1102 3787 pugnan-

58 3812 112 3869 tem
132 3811 249 3891 praelio
271 3813 431 3892 oppressit,
443 3811 591 3875 Lentulus
607 3830 623 3874 a
641 3810 785 3893 Spartaco
800 3814 961 3887 superatus
976 3804 1103 3887 aufugit.

57 3906 121 3971 Post
147 3913 236 3974 etiam
267 3911 386 3974 collatis
413 3911 525 3974 srustra
553 3912 642 3974 ambo
670 3908 814 3972 consules
841 3906 953 3984 copiis,
981 3914 1106 3987 accepta

57 4012 139 4087 gravi
160 4012 247 4076 clade
267 4012 422 4094 sugerunt.
459 4010 579 4073 Dehinc
595 4012 624 4072 C.
643 4010 778 4072 Cassium
794 4004 1008 4084 proconsulem
1025 4007 1094 4067 iden
