2634 4434
593 333 801 442 „Q

171 572 284 649 cendio
312 573 412 636 ruinis
445 571 524 635 forte
557 573 712 648 doceatur.
757 570 792 633 ln
820 589 856 634 ea
884 572 1053 653 irruptione
1082 574 1228 651 Placidia,

170 671 333 736 Theodosii
355 674 502 754 principis
522 671 600 751 fllia,
634 670 758 736 Arcadii
791 678 823 734 et
851 672 979 735 llenorii
1005 671 1231 752 Imperatorum

170 789 267 850 soror,
284 773 334 835 'ab
356 774 520 855 htaulpho,
543 774 659 837 Alarici
680 774 863 854 propinquo,
886 780 972 853 capta
996 781 1053 851 est,
1077 781 1172 854 atque
1197 776 1230 835 in

169 889 300 936 uxorem
321 875 475 953 adsumta,
503 875 591 955 quasi
618 891 685 935 eam
714 874 819 935 divino
846 873 962 954 judicio
983 873 1071 935 velut
1093 874 1232 954 speciale

169 973 282 1052 pignus
310 974 447 1037 obsidem
476 960 574 1037 Roma
598 973 773 1050 tradiderit,
807 975 850 1036 ita
874 976 982 1055 juncta
1006 975 1229 1052 potentissimo

169 1071 292 1136 barbari
318 1076 404 1156 regis
430 1076 574 1158 conjugio
602 1075 698 1136 molto
730 1073 929 1154 Reipublicae
962 1075 1124 1135 commodo
1160 1072 1228 1135 luit.

170 1169 291 1236 Interea
314 1182 386 1236 aute
409 1175 566 1238 biennium
588 1174 964 1254 Romanae‘irruptionis,
992 1176 1144 1235 excitatae
1172 1188 1231 1252 per

172 1273 350 1336 Stiliconcm
372 1283 482 1356 gentes
504 1276 683 1351 Alanorum,
706 1281 740 1336 ut
762 1274 835 1351 dixi,
860 1273 1043 1350 suevorum,
1065 1272 1227 1336 vandalo-

171 1390 251 1451 rum,
275 1375 451 1455 multaeque
474 1395 543 1438 cum
566 1376 615 1437 bis
635 1376 725 1456 aliae,
747 1375 878 1436 Francos
894 1381 1064 1455 proterunt,
1086 1373 1228 1434 Rhenum

66 1465 71 1474 '
170 1481 348 1550 transeunt,
372 1474 485 1537 Gallias
507 1475 671 1553 invadunt,
695 1476 875 1555 directoque
898 1475 1014 1554 impetu
1036 1473 1227 1554 Pyrenaeum

171 1590 271 1653 usquc
300 1575 503 1653 perveniunt:
532 1579 621 1657 cujus
649 1575 739 1638 obice
766 1576 804 1638 ad
833 1583 953 1656 tempus
979 1573 1140 1655 repulsae,
1170 1589 1228 1652 per

170 1674 426 1755 circumjacentes
456 1679 629 1756 provincias
663 1676 878 1739 refunduntur.
939 1675 991 1736 llis
1024 1689 1081 1754 per
1113 1671 1228 1734 Gallias

168 1772 398 1854 bacchantibus,
421 1778 500 1857 apud
516 1777 687 1840 Britannias
708 1775 881 1854 Gratianus,
904 1775 1063 1854 municeps
1087 1773 1227 1855 ejusdem

167 1873 303 1950 insulae,
333 1882 482 1956 tyrannus
508 1885 633 1940 creatur
658 1883 690 1939 et
712 1878 870 1939 occiditur.
915 1875 1013 1957 Hujus
1041 1875 1109 1936 loco
1138 1873 1225 1934 Gon-

168 1975 320 2036 stantinus
343 1995 383 2052 ex
408 1975 512 2038 infima
542 1978 666 2055 militia,
696 1984 819 2057 propter
846 1974 941 2039 solam
968 1993 1052 2055 spem
1082 1975 1226 2050 nominis,

171 2067 258 2154 [ott]
280 2076 349 2137 sine
372 2078 482 2139 merito
503 2078 626 2139 virtutis
648 2078 784 2158 eligitur,
808 2079 861 2156 qui
884 2077 1042 2151 continuo,
1065 2081 1099 2136 ui
1115 2074 1228 2136 inuasit

169 2174 343 2254 imperium,
367 2179 397 2238 in
415 2175 527 2240 Gallias
549 2177 679 2240 transiit.
719 2174 764 2238 lbi
786 2191 879 2257 saepe
901 2195 919 2238 a
940 2175 1079 2237 barbaris
1100 2173 1227 2235 incertis

170 2270 349 2339 foederibus
370 2278 488 2355 illusus,
512 2278 698 2340 detrimento
712 2278 808 2359 magis
823 2276 1022 2366 Reipublicae
1044 2273 1111 2336 luit.
1145 2269 1229 2334 illisit

169 2372 202 2433 in
217 2373 377 2455 Hispanias
395 2380 528 2460 judices,
551 2395 630 2460 quos
649 2396 719 2440 eum
740 2379 917 2459 provinciae
933 2376 1114 2438 obedientes
1129 2391 1229 2467 acce-

169 2473 296 2553 pissent,
320 2480 381 2541 duo
404 2471 515 2542 fratres
532 2482 666 2561 juvenes
687 2479 807 2541 nobiles
831 2485 862 2540 et
883 2475 1062 2556 locupletes,
1079 2473 1230 2553 Didymus

171 2581 213 2635 et·
235 2577 419 2642 verinianus
451 2597 514 2641 non
546 2580 777 2655 adsumserunt;
811 2595 852 2640 ne
885 2577 1032 2640 adversam
1066 2583 1229 2655 tyrannum

173 2675 303 2753 quidem.
325 2682 534 2767 tyrannidem,
561 2682 615 2744 sed
638 2680 817 2760 lmperateri
839 2680 925 2760 justo
947 2677 1095 2740 aduersos
1116 2681 1230 2754 tyran-

173 2792 246 2836 num
270 2786 301 2840 et
323 2779 468 2843 barbaros
490 2783 571 2845 tueri
593 2799 663 2846 sese
692 2782 882 2861 patriamque
909 2794 995 2840 suam
1024 2776 1120 2837 moliti
1148 2779 1229 2836 sunt.

175 2875 264 2948 Quod
281 2879 346 2958 ipso
361 2882 407 2942 rei
421 2882 657 2963 gestaeordiue
677 2882 783 2961 patuit.
826 2879 901 2941 Nam
923 2877 1115 2958 tyrannidem
1139 2891 1231 2936 nemo

173 2977 236 3038 'nisi
257 2979 401 3043 celeriter
422 2989 601 3043 maturatam
624 2988 747 3042 secreto
768 2977 901 3054 invadit,
924 2984 956 3038 et
976 2976 1100 3056 publice
1122 2981 1231 3050 armat,

175 3079 263 3158 cujus
291 3096 407 3143 summa
435 3089 498 3159 est,
528 3080 869 3151 adsumtodiademate
896 3095 931 3139 ac
959 3094 1108 3156 purpura,
1132 3074 1235 3135 videri

175 3185 341 3260 antequam
361 3183 443 3246 sciri.
476 3180 515 3245 lli
536 3201 612 3244 vero
635 3177 766 3262 plurimo
790 3187 927 3258 tempore
949 3175 1090 3239 servulos
1113 3180 1234 3236 tantum

175 3297 248 3341 suos
271 3300 311 3342 ex
334 3284 462 3363 propriis
485 3283 618 3363 praediis
641 3281 834 3364 colligentes,
857 3297 894 3340 ac
915 3273 1090 3338 vernaculis
1113 3273 1235 3336 alentes

176 3381 338 3460 sumtibus,
362 3402 420 3445 nec
442 3382 632 3446 dissimulato
654 3383 820 3462 proposito,
843 3381 960 3460 absque
981 3379 1162 3458 cujusquam
1178 3375 1234 3434 in-

177 3483 359 3562 quieludine
381 3484 418 3544 ad
441 3477 589 3565 Pyrenaei
616 3483 747 3545 claustra
775 3481 951 3544 tendebant.
996 3477 1156 3539 Adversus
1178 3472 1235 3533 bos

178 3584 395 3648 Constantinus
416 3585 611 3647 Constantem
633 3582 729 3645 lilium
752 3600 852 3660 suum,
875 3580 950 3662 proh
973 3576 1075 3640 dolori
1099 3593 1140 3636 ex
1162 3588 1234 3634 mo-

177 3684 276 3746 naebo
292 3685 451 3747 Gaesarem
468 3684 594 3761 lactum,
609 3703 678 3746 curu
695 3683 831 3746 barbaris
847 3680 1040 3763 quibusdam,
1057 3676 1111 3756 qui
1127 3689 1234 3753 quou-

178 3783 247 3844 dam
269 3785 301 3844 in
323 3783 433 3847 foedus
455 3785 574 3866 recepti
595 3790 688 3862 atque
710 3786 743 3844 in
765 3782 902 3844 militiam
925 3778 1048 3863 adlecti,
1069 3773 1237 3836 llouoriaci

177 3883 366 3947 vocabantur
388 3887 420 3946 in
442 3886 602 3965 Rispanias
624 3883 715 3944 misit.
753 3881 831 3944 llinc
852 3881 933 3962 apud
954 3878 1118 3959 Hispanias
1139 3874 1238 3955 prima

180 3981 251 4042 mali
266 3983 360 4047 labes.
398 3984 471 4046 Nam
489 3982 661 4048 interiectis
675 3982 736 4046 illis
752 3980 906 4062 iratribus,
930 3981 987 4061 qui
1004 3977 1100 4042 tutari
1117 3975 1237 4055 privato
