2634 4434
567 364 577 373 .
677 313 751 382 236

602 409 808 421 ——n—-n-uu—n—

185 556 306 633 gestum
330 555 387 626 cst,
410 548 464 611 ubi
479 550 570 611 tantis
586 556 633 610 est
648 548 767 610 viribus
785 546 972 624 dimicatum,
996 551 1141 626 tantaque
1163 564 1245 608 cae-

188 650 242 711 des
269 656 350 728 acta,
378 655 412 711 ut
441 648 553 711 Caesar
579 664 720 730 quoque,
749 646 904 709 veteranis
926 647 1018 708 etiam
1041 646 1106 709 suis
1128 647 1247 709 cedere

187 766 248 811 non
268 750 546 827 erubescentibus,
573 766 642 809 cum
670 748 758 809 caedi
780 748 913 829 cogique
936 748 1035 809 aciem
1056 764 1143 809 suam
1165 765 1244 809 cer-

186 857 292 927 neret,
325 853 520 929 praevenire.
537 856 633 911 morte
664 846 800 908 futurum
827 848 903 909 victi
930 848 1065 909 dedecus
1088 848 1245 927 cogitarit,

186 967 255 1011 cum
278 950 380 1011 subito
402 966 510 1012 versus
533 951 563 1011 in
587 949 690 1029 fugam
716 948 927 1027 Pompeiorum
956 948 1050 1009 cessit
1076 949 1245 1010 exercitus.

185 1048 225 1111 m
246 1050 369 1128 quidem
393 1068 431 1111 eo
460 1050 510 1110 die
539 1049 596 1110 hcc
624 1047 739 1109 bellum
767 1055 868 1109 actum
901 1055 962 1124 est,
990 1064 1052 1127 quo
1079 1048 1244 1127 Pompeius

107 1190 109 1193 -
185 1151 276 1229 pater
294 1149 333 1211 ab
347 1150 428 1211 Urbe
443 1150 557 1211 bellum
573 1156 718 1230 gesturus
739 1147 911 1229 aufugerat,
936 1154 1130 1228 quatuorque
1152 1149 1246 1210 annis

187 1244 272 1331 [425]
296 1250 354 1311 hoc
376 1251 467 1311 civile
490 1248 604 1310 bellum
631 1249 844 1310 indesinenter
870 1255 933 1309 toto
961 1248 1036 1309 orbe
1063 1250 1179 1309 tonuit:
1210 1250 1243 1313 Τ.

184 1348 339 1411 Labienus
362 1357 393 1411 et
414 1349 516 1410 Attius
539 1348 637 1409 Varus
664 1351 694 1409 in
722 1349 789 1409 acie
818 1344 907 1408 caesi
926 1354 1005 1411 sunt.
1051 1348 1122 1411 Sex.
1145 1350 1242 1409 Pom-

185 1450 273 1529 peius
297 1467 365 1509 cum
388 1450 557 1511 centesimo
580 1452 685 1527 equite
708 1447 835 1529 aufugit.
872 1448 978 1509 Frater
992 1450 1059 1530 ejus
1075 1449 1129 1511 Cn.
1145 1449 1241 1511 Pom-

184 1549 273 1628 peius
296 1556 449 1612 contracta
470 1550 613 1611 celeriter
628 1568 690 1610 non
705 1567 797 1629 parva
813 1548 1026 1611 Lusitanorum
1042 1568 1146 1627 inanu,
1169 1568 1241 1611 cum

186 1647 336 1712 Caesonio
359 1668 543 1731 congressus
566 1658 597 1713 et
618 1652 735 1728 victus,
764 1650 949 1731 fugiensque
978 1648 1161 1712 interfectus
1185 1659 1240 1713 est.

184 1747 296 1813 Munda
318 1751 426 1813 civitas
448 1770 518 1813 cum
540 1753 689 1815 immensa
710 1752 867 1813 hominum
895 1752 990 1813 caede
1020 1750 1152 1813 Caesare
1178 1769 1239 1831 op·

184 1858 340 1931 pugnante
362 1854 415 1915 vix
438 1860 523 1933 capta
546 1860 600 1915 est.

517 2104 706 2245 dapnt
756 2100 904 2215 xtttt

184 2312 240 2379 De
261 2310 426 2379 Caesaris
448 2314 607 2392 interitu,
635 2317 669 2389 et
692 2312 735 2378 od
757 2330 835 2379 eum
857 2309 1056 2377 tumultibus
1077 2316 1112 2377 et
1132 2307 1240 2381 aeuo.

270 2466 381 2529 Caesar
407 2466 531 2528 Romam
560 2468 667 2529 rediit:
702 2467 756 2529 ubi
789 2467 860 2529 dum
893 2464 1092 2545 Reipublicae
1125 2474 1239 2529 statum

185 2574 290 2628 contra
318 2567 456 2646 exempla
485 2570 632 2648 majorum
660 2569 829 2629 clementer
862 2568 1025 2643 instaurat,
1060 2568 1240 2630 auctoribus

184 2663 270 2749 [tad]
294 2666 386 2727 Bruto
414 2673 445 2727 et
474 2666 594 2744 Cassio,
623 2669 749 2729 conscio
776 2670 866 2730 etiam
893 2668 1024 2746 plurimo
1052 2674 1176 2745 senatu,
1205 2670 1240 2729 in

157 2769 269 2829 'curia
302 2768 412 2849 viginti
447 2774 478 2829 et
508 2769 607 2830 tribus
634 2769 815 2830 vulneribus
844 2766 1005 2829 confossus
1034 2768 1158 2831 interiit.
1202 2768 1239 2829 ln

184 2886 244 2947 qua
271 2868 482 2947 conjuratione
511 2864 606 2929 fuisse
629 2869 759 2945 amplius
780 2871 940 2950 sexaginta
963 2868 1103 2930 conscios
1124 2868 1238 2930 ferunt.

182 2966 251 3027 Duo
274 2966 360 3026 Bruti
383 2972 414 3025 et
436 2966 526 3027 Caius
550 2966 672 3028 Cassius
695 2967 810 3048 aliique
838 2971 915 3031 socii
946 2970 1060 3031 strictis
1085 2970 1238 3049 pugioni-

182 3066 242 3129 bus
257 3067 289 3127 in
307 3064 487 3145 Capitolium
503 3076 709 3129 secesserunt.
746 3069 806 3131 Diu
830 3070 1031 3131 deliberatum
1055 3076 1111 3147 est,
1134 3076 1238 3129 utrum

184 3168 364 3248 Capitolium
381 3185 449 3228 cum
466 3168 642 3229 auctoribus
657 3169 760 3230 caedis
776 3177 932 3249 oporteret
950 3169 1082 3231 incendi.
1120 3169 1238 3248 Corpus

183 3271 250 3349 ejus
272 3276 390 3347 raptum
414 3268 544 3348 populus
566 3268 673 3329 dolore
689 3270 893 3331 instimulatus
916 3272 948 3331 in
969 3268 1039 3330 foro
1057 3268 1238 3349 fragmentis

182 3368 382 3431 tribunalium
403 3385 439 3427 ac
461 3366 677 3429 subselliorum
700 3372 857 3432 cremavit.
893 3370 1072 3431 Percensuit
1093 3368 1237 3429 latitudi-

182 3485 252 3532 nem
268 3468 358 3547 regni
372 3467 420 3527 sui
435 3464 528 3528 Roma
552 3468 689 3529 cladibus
711 3470 786 3546 suis,
810 3477 902 3549 atque
924 3470 956 3530 in
979 3486 1064 3529 suam
1088 3483 1239 3530 conversa

119 3614 122 3619 >
183 3569 307 3629 caedem
331 3566 467 3649 singulas
489 3585 628 3649 quasque
653 3575 763 3649 gentes
786 3570 911 3647 ibidem,
934 3569 987 3630 ubi
1010 3568 1137 3644 domuit,
1160 3568 1238 3629 rin-

182 3668 303 3729 dicavit.
347 3668 457 3745 Asiae,
479 3668 637 3748 Europae,
660 3674 754 3747 atque
780 3668 922 3750 Africae,
949 3687 1010 3731 non
1041 3670 1112 3731 dico
1139 3668 1240 3730 tribus

184 3764 272 3841 [427]
311 3768 416 3829 mundi
448 3768 601 3849 partibus,
634 3768 690 3829 sed
723 3770 793 3829 totis
826 3771 918 3831 trium
951 3770 1082 3849 partium
1115 3768 1240 3849 angulis

183 3864 278 3925 edidit
311 3853 495 3946 gladiatores
529 3880 616 3928 suos:
652 3864 832 3947 feriatisque
866 3870 999 3931 inimicis
1026 3868 1240 3948 spectaculum

183 3964 313 4025 miserae
340 3964 467 4027 ultionis
487 3966 625 4047 ingessit.
662 3964 726 4027 Nec
748 3974 849 4030 tamen
872 3968 986 4031 suflicit
1007 3970 1088 4048 ipsas
1111 3985 1240 4049 quoque
