2634 4434
554 341 625 410 247

486 439 693 450 -n—-u—--

48 581 185 663 spanias
200 583 266 661 ipsc
282 597 350 642 cnm
367 579 506 641 exercitu
523 580 679 658 proiectus
694 588 748 642 est
764 573 928 642 Cantabri
944 589 975 643 et
990 580 1184 644 Astures.-

32 669 219 744 Galleoiae
241 682 419 762 provinciae
448 681 547 759 portio
574 667 752 782 sunt]qua
783 688 940 742 extentum
970 682 1119 762 Pyrenaei
1157 679 1193 712 Ἥ
1217 689 1246 708 ”“
1268 665 1305 704 ·”

42 782 168 863 jugum
196 783 277 844 haud
308 783 413 862 procul
436 782 574 844 secundo
596 781 721 842 Oceano
731 769 801 844 snb
825 783 1051 880 septentrione
1033 775 1117 842 de-

47 885 193 945 ducitur.
238 884 276 945 Hi
305 901 365 944 non
394 881 493 944 solum
522 884 673 963 propriam
703 869 875 944 libertatem
904 883 983 946 tueri
1011 882 1119 961 parati,

46 1003 169 1044 verum
186 986 276 1046 etiam
293 984 488 1045 linitimorum
505 986 681 1063 praeripere
704 984 781 1060 ausi,
804 984 958 1046 Vaccaeos
982 991 1013 1044 et
1035 983 1119 1042 Tur·

47 1079 215 1165 modigos'
229 1092 260 1145 et
282 1072 469 1165 Autrigonas
491 1085 627 1144 adsiduis
650 1083 864 1160 eruptionibus
886 1084 1118 1164 populabantur.

46 1184 159 1264 Igitur
181 1185 293 1246 Caesar
314 1185 394 1264 apud
417 1184 605 1262 Segisamam
629 1189 727 1243 castra
751 1184 866 1260 posuit,
895 1184 992 1244 tribus
1015 1183 1118 1263 agmi-

46 1286 152 1347 nibus
186 1293 279 1347 totam
313 1301 412 1360 paone
445 1283 603 1363 amplexus
638 1283 839 1344 Cantabriam.
868 1265 955 1370 [Diu
992 1283 1118 1363 latigato

45 1385 174 1447 frustra
190 1392 284 1463 alque
303 1385 334 1444 in
358 1384 526 1462 perieulum
550 1401 642 1463 saepe
666 1383 798 1445 deducto
821 1386 972 1462 exercitu,
996 1384 1117 1445 tandem

43 1486 88 1546 ab
125 1485 311 1564 Aquitanico
340 1465 488 1580 sinu]per
510 1484 666 1546 Oceanum
690 1486 820 1547 incautis
843 1485 982 1547 hostibus
1005 1485 1116 1546 admo·
1167 1477 1185 1532 ἕ
1235 1519 1239 1528 ·

44 1587 126 1648 veri
160 1585 289 1646 classem
302 1541 429 1678 [atque
449 1585 561 1664 exponi
594 1585 697 1696 copias
728 1586 825 1666 Jubet
875 1587 960 1646 Tunc
993 1571 1128 1664 demum}
1153 1661 1182 1682 ..‚
1220 1667 1225 1674 1

47 1686 205 1748 Cantabri
240 1685 298 1747 sub
321 1686 495 1747 moenibus
522 1663 819 1760 Vellicaepmaximo
848 1687 1006 1766 congressi
1035 1665 1123 1745 bellb
1160 1677 1238 1700 ''³'’

48 1795 85 1848 et
123 1763 236 1877 victi,
248 1787 281 1846 in
315 1785 459 1848 Vinnium
493 1792 626 1846 montom
662 1793 768 1847 natura
803 1788 986 1848 tutissimum
1026 1783 1115 1857 [445]
1168 1821 1177 1832 ·
1210 1789 1253 1818 Μ·

49 1886 309 1983 confugerunt„
283 1872 354 1949 ubi
378 1887 547 1950 obsidionis
569 1885 650 1947 same
673 1887 710 1948 ad
733 1894 904 1948 extremum
921 1905 1019 1967 paene
1035 1902 1115 1946 con-

50 1978 153 2049 sumti
174 1975 269 2085 sunt]
297 1989 466 2050 Aracillum
490 1988 602 2049 deinde
630 1986 773 2066 oppidum
803 2007 911 2069 magna
941 1989 972 2050 vi
1000 2007 1036 2048 ac
1063 1987 1116 2048 diu
1171 1981 1199 2027 «⁷²

49 2106 235 2168 repugnans
267 2096 420 2167 postremo
453 2096 592 2173 captum
585 2073 643 2188 sac
674 2088 807 2150 dirutum
841 2096 896 2150 est.
953 2090 1114 2150 Praeterea

51 2188 222 2250 ulteriores
245 2187 400 2251 Galleoiae
423 2197 541 2268 partes,
571 2178 650 2268 q'uae
679 2189 834 2249 montibus
861 2189 1011 2266 silvisque
1034 2205 1114 2246 con-

22 2332 25 2334 ψ
51 2291 140 2350 sitae
161 2288 286 2351 Oceano
308 2290 525 2366 terminantur,
550 2289 701 2349 Antistius
725 2295 755 2348 et
776 2287 905 2348 Firmius
904 2279 1049 2370 legati
1046 2304 1114 2346 ma·
1157 2285 1183 2318 ²⁹·
1222 2306 1247 2327 ι·

49 2392 129 2470 gnis
150 2391 360 2470 gravibusque
382 2386 473 2448 bellis
495 2375 769 2484 perdomuerunnj„
726 2373 855 2447 tNarn
883 2395 914 2448 et
937 2386 1115 2448 Medullium
1169 2391 1193 2424 ³*

49 2467 304 2553 montemllllinio
319 2487 437 2547 llumini
457 2487 679 2561 imminentem,
702 2488 733 2545 in
757 2503 818 2563 quo
841 2504 874 2545 se
898 2505 1006 2565 magna
1031 2485 1113 2544 rnul-

51 2591 159 2652 titudo
186 2570 343 2649 hbminum
371 2577 617 2682 tuebatur]per
644 2584 820 2664 quindecim
850 2584 944 2644 millia
971 2601 1114 2664 passuum
1169 2606 1181 2640 ε
1212 2605 1218 2616 ·
1246 2622 1251 2632 ·

50 2689 142 2753 fossa
176 2689 412 2765 circumseptum
446 2684 608 2747 obsidione
641 2687 831 2747 cinxerunt.¹
859 2685 966 2764 ltaque
978 2663 1047 2773 [ubi
1081 2703 1115 2746 sc

52 2806 137 2872 gens
160 2788 317 2850 bominum
340 2793 411 2847 trux
433 2794 540 2848 natura
563 2795 595 2848 ct
616 2786 705 2847 lerox
727 2804 830 2864 neque
852 2786 1028 2847 tolerandae
1056 2785 1116 2845 ob·

54 2892 172 2953 sidioni
194 2887 411 2964 sufficientem,
433 2906 537 2967 neque
559 2887 755 2967 suscipiendo
778 2885 859 2947 bollo
875 2903 977 2966 parem
994 2885 1115 2948 intelli-

54 2979 136 3102 git]
154 2991 192 3052 ad
225 2989 426 3051 voluntariam
461 2997 588 3050 mortem
622 2989 781 3051 servitutis
809 2988 919 3049 timore
950 2988 1114 3051 concurrit.
1160 2981 1213 3033 f..
1235 2991 1255 3034 '-

55 3090 135 3153 Nam
155 3108 189 3152 se
211 3108 310 3170 paene
333 3107 440 3150 omnes
463 3091 600 3150 certatim
624 3091 708 3169 igne,
732 3087 825 3164 ferro,
849 3107 885 3148 ac
908 3106 1030 3150 veneno
1053 3107 1114 3151 ne-

58 3199 218 3253 caverunt.
262 3190 392 3252 Astures
414 3207 489 3250 vero
511 3190 618 3268 positis
641 3189 748 3249 castris
771 3186 850 3266 apud
878 3187 1021 3248 Asturam
1050 3188 1114 3248 ilu-

58 3309 132 3353 men
159 3291 328 3376 Romanos,
356 3291 415 3351 nisi
443 3289 555 3370 proditi
588 3288 810 3368 praeventique
844 3293 963 3364 essent,
998 3287 1115 3368 magnis

61 3391 198 3453 consiliis
214 3391 396 3470 viribusque
412 3391 644 3469 oppressissent.
663 3377 755 3460 fflres
778 3387 895 3468 legatos
918 3405 985 3448 cum
1010 3387 1114 3469 legio·

61 3492 152 3554 nibus
175 3479 292 3588 suisJin
316 3491 374 3551 tria
401 3497 499 3550 castra
528 3489 659 3566 divisos,
688 3487 786 3548 tribus
813 3507 913 3568 aeque
941 3490 1116 3571 agminibus
1183 3490 1201 3546 .’

63 3593 195 3653 obruere
228 3599 357 3673 repente
391 3590 505 3665 moliti,
538 3605 663 3650 suorum
692 3590 864 3668 proditione
893 3591 1006 3652 detecti
1035 3596 1114 3649 sunt.

62 3691 124 3755 llos
146 3700 252 3772 postea
280 3693 415 3754 Carisius
441 3690 523 3752 bello
552 3697 698 3769 exceptos
727 3708 797 3752 non
816 3708 907 3770 parva
935 3690 1025 3749 etiam
1047 3686 1114 3746 Ro-

64 3811 220 3855 manorum
244 3793 330 3855 clade
353 3792 516 3871 superavit.
549 3790 620 3852 Pars
643 3809 749 3852 eorum
773 3788 888 3868 praelio
912 3788 1014 3865 elapsa
1029 3785 1115 3848 Lan-

64 3896 140 3956 ciam
174 3893 322 3974 confugit
367 3892 505 3970 Cumque
539 3891 651 3952 milites
681 3889 896 3950 circumdatam
927 3885 1034 3946 urbem
1062 3881 1115 3947 in-
1187 3901 1196 3910 ·

64 3996 174 4060 condio
195 3995 309 4057 adoriri
324 3999 477 4073 pararent,
500 3991 563 4051 dux
579 3989 713 4051 Carisius
735 3995 765 4048 et
787 4005 804 4048 a
827 3987 891 4048 suis
914 3987 1115 4048 cessationem
