2634 4434
697 357 767 426 122

205 592 260 654 sed
283 587 377 653 multo
399 590 590 666 miseriores,
621 593 693 672 quia
716 593 832 655 inimici
854 590 911 653 Dei
934 609 970 654 ac
991 591 1120 674 perinde
1143 593 1256 656 inimici

205 692 354 769 veritatis,
377 691 416 754 de
438 691 551 770 quibus
572 692 682 755 flentes
698 693 774 756 baec
789 693 919 755 dicimus
935 697 966 754 et
981 709 1059 772 quos
1079 693 1256 755 miscricor-

205 791 295 870 dioer,
317 793 344 854 si
359 792 522 872 patiantur,
536 795 704 876 arguimus,
720 801 755 855 nt
775 809 930 871 sanemur,
958 792 1012 872 qui
1034 792 1147 854 vitioso
1169 795 1256 857 oculo

204 890 282 954 baec
303 892 419 970 vident,
441 899 535 972 atque
556 893 628 955 ideo
650 893 783 973 duplicia
805 893 865 955 illis
880 893 1025 955 videntur
1039 909 1120 973 quae
1135 893 1255 956 vident:

205 997 238 1053 ct
252 990 373 1054 confusi
387 992 520 1075 caligine
535 993 693 1074 nequitiae
709 995 740 1056 in
756 994 787 1056 id
802 993 925 1070 cadunt,
948 1000 982 1055 ut
1004 994 1104 1056 minus
1125 993 1257 1056 videndo

204 1089 273 1170 plus
287 1092 422 1172 videant,
438 1110 508 1155 cum
523 1100 625 1158 tamen
640 1094 683 1172 id,
700 1094 781 1174 quod
796 1102 854 1172 eat,
876 1095 928 1171 ita,
944 1100 979 1156 ut
1001 1101 1059 1172 est,
1074 1094 1182 1157 videre
1198 1087 1257 1156 non

204 1191 337 1271 possint:
362 1195 416 1273 qui
437 1196 578 1276 graviora
600 1195 787 1258 arbitramur
808 1194 928 1276 flagella
946 1195 1058 1274 patric,
1082 1213 1174 1274 quam
1196 1193 1255 1257 bo-

205 1293 260 1355 stis
285 1293 443 1357 incendia:
473 1296 527 1375 qui
553 1295 743 1358 acerbiorem
765 1302 877 1356 vocant
899 1295 1123 1373 blandientem,
1147 1295 1255 1358 admo-

205 1400 330 1455 nentem
353 1401 385 1456 et
405 1394 608 1458 redimentem
630 1395 740 1473 Deum,
769 1413 860 1474 quam
882 1401 1132 1475 persequentem,
1154 1395 1256 1457 domi-

205 1499 330 1554 nantem
352 1495 618 1575 trucidantemque
641 1493 804 1558 diabolum.
849 1496 1040 1574 Quamquam
1061 1495 1088 1557 si
1111 1495 1150 1557 de
1173 1502 1256 1576 patre

206 1592 425 1674 intelligerent,
449 1595 487 1657 de
509 1596 711 1677 castigatione
733 1596 919 1677 gauderent:
938 1601 969 1658 et
984 1596 1010 1658 si
1026 1595 1257 1676 praevideretur

205 1691 324 1755 fructus
345 1695 543 1774 eruditionis,
566 1704 650 1759 esset
671 1697 831 1777 disciplina
853 1695 1036 1758 tolerabilis:
1071 1697 1107 1758 ad
1135 1703 1257 1777 propter

205 1811 301 1873 spem,
324 1813 404 1874 quae
425 1813 509 1857 nuuc
529 1797 674 1877 gentibus
697 1798 765 1859 data
788 1804 844 1873 est,
867 1802 958 1859 antea
976 1814 1128 1859 veronen
1145 1793 1255 1873 suerat,

205 1894 321 1956 leviora
337 1895 496 1973 ducerent,
519 1896 577 1957 etsi
599 1898 739 1979 graviora
759 1904 953 1976 paterentur:
978 1914 1159 1978 quamquam
1176 1913 1256 1958 con-

205 1989 293 2076 [232]
316 2001 428 2059 temtus
443 1997 634 2058 miseriarum
651 2002 778 2076 possunt
793 1997 884 2058 etiam
900 2015 917 2058 a
932 1999 996 2060 suis
1019 1997 1156 2085 discere,
1179 1993 1256 2077 apud

206 2111 283 2174 quos
304 2113 422 2160 summa
444 2097 521 2158 mala
544 2113 598 2175 pro
620 2096 747 2158 summis
770 2094 859 2156 bonis
881 2097 1038 2160 aestimata
1065 2088 1154 2175 sunt,
1186 2103 1256 2159 tan·

205 2202 269 2258 turn
291 2202 326 2258 ut
348 2197 476 2278 gloriam
498 2195 597 2257 famae
619 2194 773 2257 celebrem
797 2201 890 2276 atque
912 2195 1059 2259 illustrem
1077 2213 1255 2278 conseque·

203 2304 327 2359 rentur:
350 2314 406 2374 per
426 2310 505 2374 quos
526 2294 630 2376 colligi
653 2295 752 2372 datur,
775 2303 889 2375 quanta
904 2295 1004 2374 nobis,
1021 2297 1134 2375 quibus
1149 2305 1255 2360 aeter-

205 2397 284 2457 nitas
306 2393 395 2457 beata
421 2395 622 2475 promittitur,
652 2397 714 2458 sint
740 2395 898 2459 toleranda
925 2412 979 2477 pro
1008 2397 1085 2474 vita,
1114 2415 1189 2459 oum
1217 2395 1255 2458 illi

206 2502 288 2558 tanta
310 2497 465 2577 potuerint
487 2497 620 2561 tolerare
642 2515 698 2579 pro
721 2497 810 2562 lama.

556 2695 754 2835 laput
806 2696 909 2806 lll.

204 2875 441 2944 namurcum
459 2877 645 2940 ,mameae
679 2871 926 2960 Syrumtacnoa
958 2879 993 2941 ct
1023 2872 1163 2941 Poenos
1198 2891 1253 2940 rea

202 2981 336 3063 perlue,
364 2976 596 3060 bellonamque
623 2977 801 3044 camorana
826 2995 1023 3044 sncceaenc.
1067 2972 1253 3044 Sororum

396 3077 636 3162 sociorumque
662 3079 836 3144 novalium
865 3077 1067 3162 conjuratio.

289 3205 381 3266 Anno
407 3204 446 3266 ab
473 3203 554 3266 Urbe
576 3205 699 3268 condita
722 3204 976 3268 dccccxxxiii.
998 3203 1098 3284 Appio
1121 3199 1251 3274 Claudio,

206 3307 241 3380 Q.
268 3305 360 3368 Fabio
387 3306 565 3368 consulibus
592 3305 796 3385 Mamertinis,
822 3323 952 3387 quornm
979 3303 1118 3367 Messana
1147 3297 1251 3363 nobilis

207 3405 331 3470 Siciliae
353 3405 460 3466 civitas
483 3412 558 3485 erat,
581 3406 694 3469 auxilia
718 3413 823 3470 contra
845 3406 1010 3478 Hieronem
1033 3403 1251 3484 Syracusanum

204 3523 311 3585 regem
327 3511 359 3567 et
372 3503 542 3567 Poenorum
558 3509 661 3588 copias
677 3507 803 3570 Hieroni
821 3507 944 3588 junctas
967 3513 998 3568 et
1019 3502 1076 3583 Ap.
1098 3501 1250 3564 Claudium

205 3604 363 3668 consulem
386 3623 455 3667 cum
478 3610 617 3670 exercitu
641 3609 752 3669 misere
774 3607 920 3669 Romani:
952 3606 1006 3686 qui
1033 3611 1093 3665 tarn
1116 3601 1251 3664 celeriter

206 3705 415 3787 Syracusanos
446 3707 628 3786 Poenosque
662 3706 833 3784 superavit,
870 3713 904 3766 ut
937 3707 1002 3786 ipse
1036 3719 1162 3784 quoque
1192 3698 1250 3760 nex

204 3823 307 3868 rerum
330 3807 542 3889 magnitudine
563 3806 744 3885 perterritus
766 3811 837 3866 ante
859 3822 893 3867 se
914 3805 1040 3882 victum,
1064 3821 1154 3882 quam
1177 3815 1248 3861 con-

204 3922 346 3985 gressum
368 3906 464 3968 luisse
486 3904 671 3985 prodiderit:
695 3904 748 3983 qni
771 3905 842 3966 exin
867 3904 970 3968 fractis
992 3905 1110 3967 viribus
1126 3901 1247 3964 amissa-

206 3998 294 4086 [233]
326 4023 388 4086 que
417 4004 529 4068 fiducia
557 4023 627 4068 cum
655 3979 774 4085 pacem⁰
789 4005 919 4089 supplex
945 4011 1084 4086 rogaret,
1118 3995 1248 4065 ducentis
