2634 4434
690 356 763 425 222

625 454 832 468 qun-—

202 596 335 671 habeus,
361 598 520 673 postquam
550 592 588 654 de
611 608 764 656 consenso
788 589 904 653 Galliae
927 589 1020 652 totius
1042 591 1159 652 certior
1178 592 1251 653 red-

202 699 283 761 ditus
311 700 374 769 est,
403 691 531 753 Labieni
564 699 662 755 castra
698 692 931 773 legionemque,
965 690 1016 751 cui
1046 690 1072 783 is
1103 700 1253 770 praeerat,

202 797 284 879 quod
312 792 402 855 lacile
431 790 512 853 lactu
541 792 760 870 arbitrabatur,
796 792 901 853 delere
927 791 1049 852 statuit:
1077 808 1115 852 aa
1144 792 1255 853 deiude

200 893 397 961 Eburonibus
425 889 609 970 Nerviisque
636 894 820 974 conjunctus
852 892 890 954 ad
916 890 1149 970 opprimendum
1173 892 1255 953 Cac-

201 1014 299 1062 sarem
322 1008 462 1075 pergere.
507 989 676 1069 Labieuus,
706 992 819 1071 quibus
845 997 947 1071 potest
972 991 1106 1068 artibus,
1134 992 1258 1053 simulat

201 1101 358 1170 timorem,
386 1098 478 1170 alque
501 1090 542 1153 ita
565 1090 804 1155 Indutiomarum
827 1091 1084 1173 negligentiorem
1108 1110 1177 1152 cum
1202 1092 1256 1153 in·

88 1200 90 1205 ’
115 1267 119 1269 ,
201 1194 385 1263 subantibus
405 1191 501 1271 copiis
517 1191 667 1271 provallo
687 1191 881 1256 oberrantem
903 1191 1063 1271 repentina
1084 1191 1259 1272 irruptione

200 1293 372 1381 prostrauit.
415 1291 479 1353 llac
500 1291 628 1353 victoria
649 1291 788 1370 Labieni,
814 1292 927 1373 reliqui
950 1290 1105 1352 Gallorum
1127 1300 1259 1354 conatus

76 1466 82 1476 ,
201 1396 334 1479 repressi
357 1399 439 1469 sunt,
463 1398 494 1452 et
517 1391 628 1453 Cacsar
649 1391 741 1472 paulo
763 1392 898 1473 quietior
910 1390 1030 1471 reliqua
1044 1399 1132 1471 parte
1146 1391 1261 1453 biemis

202 1499 269 1562 luit.
315 1492 376 1557 Sed
399 1491 576 1573 intelligens
597 1492 657 1555 sibi
685 1495 799 1575 majora
825 1491 900 1555 belli
927 1508 1091 1570 superesse
1119 1494 1259 1573 negotia,

200 1596 334 1661 maxime
356 1593 428 1673 quia
450 1590 579 1672 plurima
602 1599 687 1673 parte
710 1592 866 1655 exercitus
887 1592 1009 1668 amissa,
1030 1591 1164 1671 aliisque
1177 1609 1255 1672 gra-

201 1699 282 1763 uiter
302 1694 427 1771 sauciis,
449 1710 489 1753 ne
511 1692 549 1753 ad
571 1691 785 1755 sustinendum
807 1692 931 1773 quidem
953 1691 1012 1753 sibi
1027 1692 1169 1769 idoneus,
1194 1710 1257 1754 non

202 1800 299 1862 dicam
327 1794 365 1858 ad
394 1793 655 1872 comprimendum
679 1789 834 1854 Gallorum
861 1794 1007 1873 impetum
1034 1792 1210 1869 videretur,
1239 1811 1258 1853 a

202 1900 256 1962 Gn.
279 1892 422 1973 Pompejo
450 1892 633 1971 proconsule
660 1891 813 1954 conscribi
841 1892 997 1973 legiones,
1027 1892 1151 1971 sibique
1178 1894 1259 1954 mitti

201 2002 234 2061 iu
263 1994 411 2057 auxilium
441 1994 523 2071 petit.
568 1992 675 2071 ltaque
701 2000 773 2054 autc
801 2000 938 2054 exactam
965 1991 1097 2053 biemem
1128 2000 1191 2054 tros
1220 1994 1259 2055 ad

202 2114 273 2160 eum
306 2093 446 2173 legiones
479 2092 511 2151 iu
545 2098 642 2153 castra
675 2100 837 2154 venerunt.
880 2091 978 2173 lgitur
1011 2092 1137 2169 Cacsar,
1172 2095 1260 2173 prius

202 2214 292 2278 quam
316 2196 347 2256 in
370 2210 464 2255 unum
487 2191 619 2254 hostium
641 2193 748 2272 copiae
774 2193 909 2268 coirent,
938 2194 1066 2254 ineunte
1092 2211 1168 2255 uere
1195 2195 1259 2256 ad-

147 2344 153 2356 .
200 2297 290 2378 gredi
312 2293 446 2373 trepidos
469 2300 500 2354 et
522 2294 696 2373 opprimere
722 2310 843 2373 sparsos
871 2293 903 2353 in
931 2292 995 2353 suis
1022 2290 1134 2354 linibus
1162 2301 1259 2373 parat.

200 2397 332 2459 Primum
349 2394 453 2472 itaque
468 2390 650 2453 Nerviorum
667 2391 745 2454 fines
760 2392 877 2473 diripit:
902 2392 1043 2473 praedam
1064 2410 1152 2479 vero,
1175 2412 1261 2472 quae

202 2494 410 2576 copiosissima
443 2498 523 2567 erat,
556 2493 708 2559 exercitui
739 2494 894 2573 permittit.
938 2491 1058 2554 Deinde
1085 2491 1258 2572 Menapios,

202 2597 256 2675 qui
277 2595 336 2656 sibi
359 2599 482 2671 propter
504 2594 668 2653 immensas
682 2590 809 2670 paludes
824 2599 917 2672 atque
932 2592 1179 2671 impeditissimas
1193 2594 1257 2654 sil-

201 2711 255 2757 uas
278 2692 473 2754 munitissimi
494 2691 696 2767 uidebantur,
717 2691 815 2753 tribus
841 2692 1014 2773 agminibus
1040 2692 1171 2755 invadit:
1200 2694 1257 2754 ni·

203 2790 292 2868 [too]
322 2792 443 2872 miaque
471 2790 566 2853 caede
594 2789 688 2872 vulgo
716 2793 844 2871 agitata,
871 2791 1012 2853 residuos
1039 2793 1192 2873 supplices
1224 2794 1258 2853 iu

202 2896 388 2959 deditionem
411 2893 537 2971 recepit.
570 2891 725 2952 Labienus
747 2892 891 2970 sequenti
912 2891 1028 2971 praelio
1051 2908 1157 2953 omues
1172 2892 1255 2953 'lre-

186 2979 337 3055 uirorum
361 2992 463 3068 copias
486 2988 651 3065 interiecit,
675 2995 741 3049 arte
763 2989 795 3049 in
818 2990 932 3052 bellum
953 2999 1143 3071 provocatas,
1169 2993 1257 3071 prius

202 3110 292 3174 quam
306 3089 464 3151 Germanis
477 3088 712 3151 adventantibus
719 3088 935 3172 jungerentur,
950 3097 983 3152 et
997 3093 1142 3152 contiuuo
1158 3093 1255 3169 ipsam

202 3194 356 3256 civitatem
372 3190 459 3270 capit.
483 3188 595 3251 Caesar
609 3189 717 3251 ulcisci
732 3198 860 3253 mortem
873 3190 978 3253 Sabini
993 3197 1025 3250 et
1040 3188 1146 3251 Cottae
1160 3190 1255 3271 lega-

202 3301 301 3355 torum
323 3290 446 3367 volens,
474 3289 683 3369 Ambiorigem
712 3296 744 3351 et
769 3289 945 3365 Eburones,
973 3288 1093 3351 deletae
1121 3290 1255 3369 legionis

201 3398 359 3465 auctores,
387 3397 545 3469 postquam
575 3390 607 3450 iu
635 3388 834 3451 Arduennam
856 3388 964 3449 silvam
981 3386 1139 3469 ‚refugisse
1162 3406 1253 3451 oom-

200 3490 296 3571 perit,
320 3505 399 3568 quae
421 3488 496 3551 silva
520 3489 612 3551 totius
635 3485 751 3551 Galliae
773 3488 903 3550 maxima
926 3494 988 3565 est,
1014 3494 1108 3567 atque
1135 3507 1153 3549 a
1177 3489 1255 3567 ripis

200 3588 299 3653 libeni
327 3586 501 3669 finibusque
523 3589 718 3651 Trevirorum
746 3588 784 3651 ad
811 3586 940 3650 Nervios
966 3605 1067 3667 usque
1095 3588 1253 3667 pertingit,

200 3696 233 3752 et
253 3690 286 3751 in
308 3688 500 3769 longitudine
517 3688 584 3769 plus
600 3706 691 3767 quam
707 3689 876 3770 quingenta
891 3686 985 3749 millia
999 3704 1143 3766 passuum
1157 3694 1253 3767 patet,

199 3790 386 3867 permetiens
407 3806 472 3849 rem
495 3790 559 3850 suis
582 3788 705 3848 maximi
724 3787 854 3866 periculi
868 3785 946 3864 sore,
968 3788 995 3848 si
1010 3805 1066 3867 per
1080 3786 1254 3849 obstructas

200 3887 410 3965 spatiosasque
424 3887 516 3949 silvas
532 3886 628 3967 ignoti
644 3884 865 3963 dividerentur,
887 3886 1069 3966 hostemque
1091 3886 1168 3949 locis
1187 3904 1251 3949 uo-

201 3982 350 4044 tissimum
369 3990 564 4061 quaererent,
587 4000 709 4047 omnem
725 3981 850 4048 Galliam
866 4002 922 4064 per
936 3986 1060 4049 nuntios
1075 3987 1196 4064 invitat,
1219 3994 1253 4049 ut
