2634 4434
548 313 618 382 113

59 544 210 608 Romanus
237 546 409 626 exereitus,
437 556 597 630 postquam
623 550 724 612 victus
750 547 827 612 olam
850 547 929 630 sugit
950 568 968 612 e
990 553 1108 630 castris,

59 645 262 708 miserabilem
290 645 364 708 belli
385 647 505 710 cladem
525 649 720 732 gravioribus
743 649 885 712 monstris
906 656 1024 712 auctam
1047 652 1107 714 nd-

58 746 303 827 cumulatamque
319 750 485 827 persensit.
521 749 597 813 Nam
611 750 808 830 pabulatores
828 747 908 810 forte
929 765 1108 832 progressos

57 846 141 906 velut
151 845 272 909 hostilis
284 848 433 928 quaedam
446 848 552 912 oborta
564 857 739 930 tempesias,
755 867 823 912 cum
836 849 975 912 horribili
987 849 1109 930 fragore

56 944 135 1008 coeli
156 955 314 1029 correptos
336 949 411 1011 diris
433 948 613 1012 fulminibus
634 951 767 1014 exussit:
792 950 905 1031 quippe
931 951 1057 1032 triginta
1078 955 1110 1012 ct

56 1055 188 1126 quatuor
208 1066 315 1111 eorum
337 1049 419 1111 idem
442 1048 532 1110 turbo
554 1052 727 1129 prostravit,
749 1051 859 1131 viginti
881 1057 913 1111 ot
933 1051 994 1114 duo
1008 1050 1108 1112 semi·-

53 1164 150 1225 nflces
176 1149 293 1225 relicti,
318 1150 458 1229 jumenta
488 1150 659 1212 exanimata
687 1157 719 1212 et
746 1156 833 1229 capta
855 1167 946 1230 quam
969 1149 1109 1230 plurima,

54 1253 86 1308 ut
118 1251 231 1310 merito
259 1250 428 1331 contigisse
454 1267 518 1313 non
546 1250 667 1332 signum
697 1251 876 1312 vastationis
904 1247 1026 1312 futurae
1053 1248 1109 1312 sed

53 1349 185 1411 vastatio
208 1350 273 1430 ipsa
294 1349 454 1414 referatur.
492 1350 634 1414 Secunda
654 1351 735 1414 inter
750 1351 896 1432 Pyrrhum
912 1357 944 1412 et
957 1349 1110 1412 Romanos

53 1449 200 1510 consules
227 1469 329 1531 pugna
356 1453 390 1512 in
414 1451 545 1531 Apuliae
573 1451 686 1534 finibus
713 1450 787 1515 suit:
822 1451 876 1514 ubi
904 1449 1007 1514 clades
1034 1449 1109 1513 balli

52 1549 87 1611 ad
113 1554 282 1627 utrosque,
304 1551 360 1611 sed
381 1553 513 1612 maxime
534 1551 573 1612 ad
594 1552 759 1632 Pyrrhum,
780 1552 909 1614 victoria
932 1551 969 1614 ad
990 1550 1108 1612 Roma·

52 1665 108 1710 nos
144 1650 308 1713 concessit.
361 1648 438 1712 Nam
471 1668 540 1711 curn
574 1651 627 1713 diu
660 1651 774 1712 obnixe
806 1652 925 1710 cunctis
957 1650 990 1710 in
1023 1645 1109 1729 [218]

52 1757 192 1812 mutuam
214 1749 341 1810 caedem
362 1750 542 1828 ruentibus,
563 1767 678 1830 anceps
700 1749 774 1812 belli
796 1748 946 1828 penderet
967 1753 1110 1824 eventus,

51 1849 203 1932 Pyrrhus,
232 1848 378 1911 transfixo
407 1848 532 1912 brachio
558 1851 698 1928 saucius,
725 1851 808 1930 prior
829 1850 923 1912 cessit
944 1866 962 1910 e
984 1846 1109 1928 praelio.

52 1950 115 2014 Sed
148 1956 180 2011 et
206 1948 364 2012 Fabricius
392 1949 514 2031 legatus
541 1957 616 2013 tunc
641 1950 822 2015 vulneratus
849 1955 904 2012 est
947 1947 1109 2029 Elephanti

52 2051 152 2131 prima
178 2050 464 2130 pugnavulnerari
486 2057 581 2131 atque
602 2051 636 2112 in
658 2048 762 2132 fugam
785 2051 855 2132 cogi
877 2065 967 2130 posse
990 2049 1107 2128 depre-

52 2152 159 2217 hensi:
189 2151 301 2213 deinde
327 2150 482 2232 subjectis·
503 2151 584 2213 inter
611 2152 780 2231 posteriora
802 2169 839 2213 ac
861 2150 963 2212 mollia
985 2148 1109 2230 ignibus

54 2254 214 2334 exagitati,
236 2251 380 2314 ardentes
401 2253 527 2331 insuper
544 2251 700 2314 machinas
715 2251 820 2314 lurore
838 2250 955 2330 trepido
971 2249 1108 2312 circum-

54 2352 204 2430 ferentes,
228 2354 323 2414 exitio
344 2353 410 2414 suis
431 2350 529 2413 luere.
563 2351 658 2412 Caesa
681 2352 806 2414 suntin
828 2368 864 2412 ea
886 2367 988 2431 pugna
1011 2349 1109 2429 quin-

56 2472 118 2534 que
149 2452 243 2514 millia
271 2452 491 2514 Romanorum:
526 2449 566 2512 de
593 2451 732 2512 exercitu
761 2465 836 2510 vero
863 2448 970 2527 Pyrrhi
998 2447 1110 2526 viginti

54 2553 151 2616 millia
173 2559 322 2632 prostrata
343 2558 424 2614 sunt.
466 2548 560 2630 Regis
585 2550 673 2630 signa
702 2547 802 2616 ablata
830 2547 1052 2626 quinquaginta
1079 2552 1111 2608 et

54 2655 125 2731 tria,
146 2653 352 2715 Romanorum
375 2650 518 2713 undecim
541 2649 650 2712 amissa
672 2655 758 2710 sunt:
783 2645 915 2730 Pyrrhus
936 2647 1018 2710 bello
1041 2645 1109 2710 sra-

55 2760 141 2832 ctus,
170 2752 343 2834 Agathocle·
367 2757 488 2813 mortuo
517 2768 593 2832 rege
616 2749 825 2830 Syracusano,
847 2748 885 2810 ad
909 2747 1031 2812 Siciliae
1053 2765 1108 2808 ar·
1133 2770 1137 2778 ·

7 2916 8 2927 ,
56 2855 189 2917 cessitus
210 2853 388 2935 imperium,
411 2850 578 2933 Syracusas
599 2849 761 2912 concessit.
852 2866 875 2906 ι

430 3103 628 3241 baput
681 3099 741 3208 ll.

56 3314 208 3382 Romami
238 3308 413 3376 horrendo
442 3313 542 3393 peste
574 3307 818 3392 corripiuntur.
861 3300 948 3370 Com
977 3301 1112 3392 Pyrrho

165 3413 304 3478 tertiam
330 3410 452 3476 bellum
477 3411 627 3494 peritur,
653 3405 798 3494 stupetur
824 3408 857 3472 ei
882 3407 1009 3474 interit.

145 3566 208 3629 Sed
229 3565 433 3627 Romanorum
460 3566 583 3628 miseria
605 3565 698 3627 nullis
721 3571 820 3626 cessat
841 3563 980 3625 induciis.
1026 3563 1111 3624 Con-

59 3667 193 3730 sumitur
225 3665 410 3728 morborum·
432 3665 519 3727 malis
551 3664 750 3745 intercapedo
783 3663 950 3726 bellorum:
985 3667 1016 3722 et
1043 3677 1112 3720 cum

59 3766 137 3829 loris
172 3772 310 3829 cessatur
341 3783 359 3826 a
391 3765 524 3844 praelio,
556 3769 657 3847 agitur
684 3766 849 3826 introrsum
877 3763 921 3823 ira
950 3761 988 3820 de
1016 3757 1113 3820 coelo⁴

58 3866 136 3928 Nam
159 3866 252 3928 Fabio
275 3863 402 3948 Gurgite
425 3867 554 3943 iterum,
583 3865 614 3929 G.
641 3864 780 3928 Genucio
810 3860 950 3939 (ilcpsina
972 3856 1112 3919 consnli-

59 3965 138 4045 hus,
165 3965 341 4047 pestilentia
367 3966 471 4046 mavis
498 3965 611 4028 Urbem
637 3983 673 4028 ao
696 3963 772 4026 fines
795 3960 861 4038 ejus
884 3958 1011 4034 invasit,
1035 3975 1114 4037 quae
