2634 4434
662 337 735 408 278

170 577 245 640 feris
259 592 329 639 sese
345 573 526 655 frequenter
540 574 671 656 objecit:
695 573 852 636 interfecit
874 573 964 634 etiam
988 574 1236 654 quamplurimos

169 685 340 752 senatores,
362 675 499 736 maxime
517 692 594 754 quos
609 675 824 737 animadvertit
840 673 999 735 nobilitate
1015 675 1237 756 industriaque

170 778 333 842 excellere.
370 775 496 857 Flagitia
518 778 602 857 regis
623 794 722 856 poena
738 775 827 838 Urbis
850 775 1031 854 insequitur.
1064 775 1141 836 Nam
1166 775 1236 837 iub„

169 881 253 942 mine
277 877 456 956 Capitolium
480 878 590 952 ictum,
621 896 661 938 ex
689 893 750 955 quo
779 875 857 938 facta
885 873 1082 937 inflammatio
1109 876 1234 938 biblio-

169 981 289 1044 thecam
311 977 404 1054 illam,
428 975 574 1057 majorum
597 995 671 1038 cura
693 978 858 1057 studioque
881 977 1089 1055 compositam,
1112 978 1232 1039 aedes-

109 1071 120 1095 ’
172 1101 235 1162 que
261 1081 337 1142 alias
360 1081 448 1160 juxta
476 1078 549 1140 sitas
576 1078 679 1156 rapaci
702 1077 824 1139 turbine
847 1077 1063 1140 concremavit
1108 1077 1232 1140 Deinde

170 1182 254 1246 aliud
276 1179 453 1242 incendium
476 1185 582 1258 postea
609 1177 723 1239 Romae
750 1185 890 1240 exortum
919 1177 1026 1240 aedem
1056 1177 1171 1240 Vestae
1201 1185 1233 1239 et

169 1283 314 1365 palatium
337 1281 559 1361 plurimamque
575 1279 664 1341 Urbis
680 1286 794 1359 partem
816 1279 882 1342 solo
903 1279 1094 1358 coaequavit.
1133 1277 1229 1340 Gom-

170 1385 296 1460 modus,
325 1382 445 1444 cunctis
473 1381 700 1458 incommodus,
728 1381 760 1441 in
777 1380 873 1442 domo
895 1379 1056 1443 vestiliani
1079 1385 1253 1466 strangu--

169 1487 251 1548 latus
272 1483 427 1545 interiissc
450 1481 563 1558 fertur,
591 1481 688 1543 bostis
716 1485 841 1562 generis
868 1481 993 1543 humani
1021 1481 1113 1542 etiarn
1139 1481 1231 1542 vivus

172 1582 264 1660 [497]
287 1582 451 1665 judicatus.
494 1583 570 1656 Post,
592 1582 674 1644 huuc
704 1601 721 1644 a
753 1589 863 1644 senatu
896 1587 1017 1643 creatus
1050 1588 1099 1643 est
1131 1599 1230 1642 senex

171 1686 299 1749 llelvius
325 1684 483 1760 Pertinax,
516 1684 761 1746 sextusdecimus
793 1682 831 1746 ab
862 1681 1017 1763 Augusto,
1052 1683 1106 1761 qui
1140 1689 1229 1743 sexto

170 1805 290 1864 mense,
313 1804 404 1865 quam
426 1801 558 1865 regnare
586 1791 746 1864 coeperat,
773 1782 887 1846 Juliani
910 1783 1081 1862 jurisperiti
1108 1782 1228 1844 scelere

170 1892 203 1952 in
225 1888 336 1967 palatio
359 1885 480 1947 occisus
503 1892 557 1947 est.
601 1884 758 1962 Julianus,
781 1883 945 1947 interfecto
967 1883 1142 1961 Pertinace,
1173 1886 1227 1944 in·

172 1985 258 2070 [498]
291 1987 371 2049 rasit
402 1987 580 2066 imperium:
614 1987 671 2047 sed
703 2003 774 2047 mox
807 2003 824 2048 a
852 1986 968 2048 Severo
995 1977 1074 2063 apud
1105 1991 1228 2064 pontem

170 2088 318 2151 Mulvium
341 2086 423 2148 bello
451 2087 535 2148 civili
562 2086 662 2146 victus
689 2093 720 2146 et
747 2084 928 2148 interfectus
956 2093 1002 2148 est
1037 2102 1144 2146 mense
1171 2101 1227 2145 se-

171 2191 282 2271 ptimo,
303 2195 464 2269 postquam
487 2194 631 2267 coeperat
652 2187 811 2266 imperare.
856 2186 899 2249 lta
929 2177 1009 2249 inter
1037 2186 1228 2248 Pertinacem

173 2298 204 2353 et
225 2291 380 2352 lulianum
403 2307 484 2351 unus
505 2306 605 2351 annus
626 2287 783 2351 absumtos
805 2295 860 2350 est.

492 2543 683 2681 taput
739 2541 906 2652 Xlll.

214 2751 271 2819 De
299 2747 441 2832 imperio
470 2743 630 2832 Septimii
657 2744 781 2812 Seueri
801 2746 998 2815 Pertinacia
1019 2745 1187 2815 Caesarie

297 2850 465 2933 Aupuati,
488 2851 655 2934 quomodo
678 2846 895 2917 Christianos
918 2850 1103 2936 adflixerit.

257 3007 350 3067 Anno
371 3002 409 3063 ab
432 3002 513 3063 Urbe
535 3003 658 3065 condita
681 3003 908 3070 DCCCCXLIV.
931 3005 1082 3084 Severus,
1111 3025 1228 3088 genera

172 3106 250 3172 Afer
273 3103 494 3184 Tripolitanos,
528 3103 566 3165 ab
600 3105 711 3185 oppido
738 3104 840 3186 Lepti:
877 3108 930 3188 qui
963 3125 997 3170 se
1031 3125 1071 3169 ex
1104 3110 1228 3170 nomine

172 3206 377 3292 ImperatoriS,
400 3224 491 3287 quem
515 3207 649 3268 occisum
673 3206 755 3267 ultus
778 3206 888 3284 fuerat,
912 3208 1100 3270 Pertinacem
1116 3209 1226 3289 adpel-

119 3347 122 3352 -
172 3311 230 3373 lari
255 3309 368 3386 voluit,
397 3306 685 3386 septimusdecimus
710 3305 748 3368 ab
772 3307 923 3389 Augusto,
947 3309 1125 3370 destitutum
1148 3310 1226 3392 ade-

174 3406 265 3484 [499]
298 3416 368 3487 ptus
400 3409 578 3487 imperium,
613 3406 720 3470 decem
749 3415 779 3470 et
806 3415 875 3471 octo
903 3409 991 3470 annis
1021 3411 1128 3473 tenuit.
1171 3410 1227 3471 llic

172 3518 281 3573 natura
308 3525 435 3585 saevus,
464 3510 567 3578 multis
593 3525 716 3589 semper
743 3509 831 3571 bellis
859 3509 1035 3587 lacessitus,
1063 3509 1226 3572 fortissime

174 3611 297 3692 quidem
320 3607 539 3687 rempublicam
562 3609 616 3670 sed
640 3609 878 3672 laboriosissime
900 3612 988 3673 rexit.
1025 3610 1226 3673 Pescennium

170 3711 316 3793 Nigrum,
350 3710 402 3788 qui
429 3709 461 3794 ip
491 3707 633 3790 Aegypto
663 3717 695 3770 et
725 3709 811 3790 Syria
839 3711 876 3772 ad
906 3711 1100 3792 tyrannidem
1121 3712 1224 3791 adspi-

173 3809 263 3885 [tou]
291 3817 428 3886 raverat,
457 3810 537 3890 apud
566 3809 710 3889 Cyzicum
737 3812 812 3870 vicit
834 3819 865 3872 et
886 3809 1049 3874 interfecit.
1093 3811 1225 3874 ludaeos

173 3906 260 3990 [att]
283 3917 315 3970 et
337 3909 499 3971 Samarites
520 3909 673 3970 rebellare
695 3916 842 3972 conantes
864 3910 946 3974 ferro
969 3914 1118 3976 coercuit.
1150 3911 1224 3974 Par-

174 4006 257 4084 tbos,
278 4006 395 4068 Arabas
417 4009 655 4087 Adiabenosque
678 4013 842 4088 superavit.
887 4013 999 4084 Quinta
1026 4018 1095 4090 post
1123 4010 1224 4075 Nero·
