2634 4434
690 303 762 394 nno

615 401 824 414 ἡ*

521 513 718 693 bepnt
769 549 921 660 llll.

217 773 386 843 Claudius
414 769 607 841 Marcellus
635 771 838 860 Syracusae
864 773 966 858 cupit.
1008 770 1162 840 Annibal
1186 778 1234 842 ad

217 875 384 943 Anienem
398 874 574 943 Romanos
589 879 703 961 terret,
725 893 790 972 neec
807 873 974 942 obruendi
995 873 1094 959 come
1115 877 1232 944 daber.

280 1045 372 1108 Anno
395 1045 443 1109 ab
470 1042 553 1109 Urbe
584 1047 707 1111 condita
736 1044 883 1110 DXLlll..
909 1043 1056 1108 Claudius
1087 1045 1254 1110 Marcellus

197 1147 380 1229 Syracusas,
407 1146 669 1228 opulentissimam
691 1146 800 1210 urbem
824 1146 959 1224 Siciliae,
985 1147 1123 1210 secunda
1145 1163 1252 1228 oppu-

195 1249 343 1328 gnatione
364 1249 419 1311 vix
439 1249 533 1327 cepit,
556 1265 647 1329 quam
670 1264 740 1310 eum
759 1248 822 1330 jam
844 1247 962 1328 pridem
978 1246 1162 1326 obsedisset,
1184 1248 1253 1310 Ar-

196 1339 552 1428 chimedisspracusani
574 1350 651 1411 civis
672 1347 845 1410 admirabili
867 1347 994 1429 iugenio
1015 1348 1147 1428 praediti
1180 1353 1253 1411 rire-

197 1443 287 1522 [260]
310 1447 410 1509 cbinis
430 1449 572 1528 repulsus
594 1445 774 1530 expugnare
795 1465 857 1510 nou
881 1449 986 1529 potuit.
1019 1449 1147 1511 Docimo
1169 1465 1256 1515 anno

195 1553 355 1627 postquam
378 1548 511 1610 Annibal
533 1549 566 1611 in
588 1549 704 1612 ltaliam
727 1557 873 1628 venerat,
909 1549 962 1612 Gn.
984 1548 1091 1611 Fulvio
1118 1549 1150 1612 P.
1172 1549 1252 1613 Sul-

195 1647 276 1728 picio
311 1647 490 1712 consulibus
522 1649 656 1714 Annibal
684 1650 723 1714 de
752 1650 914 1731 Campania
942 1649 1036 1712 movit
1061 1651 1253 1724 eneroitum;

195 1755 228 1810 ct
249 1767 318 1810 cum
341 1750 460 1830 ingenti
482 1750 570 1814 clade
591 1738 728 1815 omnium
742 1767 798 1832 per
814 1749 984 1814 Sidicinum
999 1748 1255 1831 Suessanamque

195 1867 302 1928 agrum
328 1849 378 1910 via
405 1849 511 1913 Latina
545 1852 700 1932 profectus
734 1851 773 1914 ad
805 1849 958 1912 Anienem
991 1851 1117 1913 flurium
1151 1851 1256 1913 tribus

195 1947 330 2011 millibus
352 1949 389 2012 ab
410 1949 492 2014 Urbe
514 1953 665 2031 consedit,
688 1949 861 2014 incredibili
884 1939 978 2013 totius
992 1949 1132 2025 Civitatis
1154 1957 1255 2028 metu,

195 2066 264 2111 cum
286 2056 397 2113 senatu
418 2053 594 2133 populoque
615 2052 747 2114 diversis
761 2051 843 2114 curis
860 2051 978 2130 trepido
994 2058 1149 2113 matronae
1164 2069 1253 2132 quo-

194 2169 260 2230 que
278 2159 416 2214 amentes
438 2169 553 2232 pavore
579 2170 637 2232 per
663 2151 893 2233 propugnacula
920 2158 1082 2214 currerent
1108 2158 1140 2214 et
1166 2168 1253 2214 oon-

194 2251 311 2313 vehere
333 2253 364 2312 in
388 2269 491 2313 muros
512 2253 811 2332 saxasprimaeque
832 2267 888 2331 pro
910 2253 1005 2312 muris
1028 2265 1165 2332 pugnare
1189 2269 1253 2333 ge-

194 2352 312 2414 stirent.
360 2349 429 2428 lpse
461 2359 563 2414 autem
597 2371 667 2414 cum
701 2351 854 2432 expeditis
887 2350 1043 2432 equitibus
1077 2367 1181 2432 usque
1212 2352 1252 2414 ad

194 2459 311 2534 portam
334 2450 482 2514 Collinam
506 2452 637 2516 infestus
657 2453 804 2530 accessit,
825 2450 939 2514 deinde
962 2467 1069 2512 omnes
1091 2453 1197 2532 copias
1217 2453 1252 2513 iu

194 2555 293 2615 aciem
316 2553 435 2617 direxit.
469 2553 530 2617 Sed
565 2563 598 2618 ct
619 2554 763 2617 consules
785 2551 973 2633 Fulviusque
987 2552 1172 2631 proconsule
1188 2569 1252 2614 non

195 2653 407 2714 detrectavere
440 2671 581 2736 pugnam.
625 2655 667 2717 At
699 2653 753 2716 ubi
785 2654 945 2734 expositae
977 2651 1133 2731 utrimque
1165 2653 1253 2715 acies

99 2745 106 2753 ’
195 2753 400 2816 constiterunt
421 2755 453 2816 in
475 2761 643 2834 conspectu
665 2754 796 2836 Romae,
818 2751 987 2834 praemium
1010 2751 1136 2814 victoris
1157 2750 1251 2814 lutu-

195 2847 288 2933 [2611
308 2871 373 2931 rae,
395 2860 499 2916 tantm
520 2870 555 2915 se
576 2853 680 2917 subito
701 2853 801 2916 imber
815 2851 983 2916 anubibus
998 2852 1147 2934 meudina
1162 2853 1251 2914 mix·-

194 2962 244 3016 tus
266 2950 385 3035 effudit,
406 2961 441 3015 ut
462 2952 582 3016 turbate
604 2953 727 3036 agmina
749 2955 803 3016 vix
824 2954 916 3016 armis
938 2953 1068 3014 retentis
1088 2954 1120 3014 in
1141 2968 1200 3014 sua
1215 2968 1252 3014 se
1315 3001 1316 3006 1

194 3061 294 3117 castra
315 3054 507 3136 colligerent.
533 3053 662 3117 Deinde
684 3069 754 3116 cum
776 3055 944 3117 serenitate
965 3051 1083 3114 reddite
1104 3052 1138 3114 in
1159 3068 1250 3114 eenr-

193 3173 265 3236 pum
294 3155 402 3236 copiae
429 3161 524 3237 atque
550 3153 583 3217 in
611 3154 709 3217 aciem
735 3155 904 3233 redissent,
932 3169 1055 3214 rursum
1082 3151 1252 3215 violentior

193 3254 261 3317 lusa
284 3262 458 3338 tempestas,
480 3259 595 3340 majore
617 3263 701 3318 metu
724 3256 896 3318 mortalium
916 3253 1075 3316 audaciam
1098 3254 1249 3330 cobrouit,

194 3358 380 3436 territosque
412 3359 568 3420 exercitus
600 3355 760 3440 refugere
779 3357 811 3418 in
844 3355 975 3417 tentoria
1008 3352 1118 3434 coligit.
1163 3353 1251 3416 Tunc

193 3470 363 3517 conversus
385 3455 416 3517 in
438 3457 621 3539 religionem
644 3456 777 3519 Annibal
799 3456 914 3519 dixisse
939 3453 1054 3531 fertur,
1081 3453 1251 3534 potiundae

192 3556 253 3617 sibi
274 3555 389 3618 Romae
418 3557 507 3618 modo
528 3558 716 3620 voluntatem
745 3571 806 3618 non
834 3556 910 3636 dari,
933 3553 1024 3628 modo
1052 3559 1249 3633 potestatem.

193 3655 409 3735 Respondeant
440 3673 523 3719 nuuc
550 3655 625 3720 mibi
644 3657 874 3718 obtrectatores
902 3655 971 3718 veri
996 3652 1055 3716 Dei
1081 3652 1141 3714 hoc
1168 3653 1249 3732 loco,

193 3755 339 3818 Annibali
361 3775 378 3818 a
401 3757 587 3837 capessenda
611 3755 851 3834 subruendaque
872 3753 967 3816 Roma
988 3759 1091 3818 uuum
1112 3751 1249 3816 Romane

194 3853 311 3915 obstitit
333 3853 480 3917 fortitudo
501 3872 541 3916 an
563 3849 668 3917 divina
690 3854 861 3931 miseratio,
889 3861 942 3916 aut
963 3847 1247 3918 forsitanfconser-

194 3953 257 4013 vati
279 3953 328 4015 isti
351 3952 555 4034 dedignantur
583 3952 688 4032 lateri,
718 3954 799 4035 quod
827 3953 961 4018 Annibal
985 3960 1016 4016 et
1037 3955 1138 4017 victor
1161 3954 1247 4019 exti-
