2634 4434
193 559 196 563 -
228 521 346 582 dantur.
379 513 493 578 Horum
515 531 630 588 uxores
652 515 763 578 exsilio
784 534 820 578 ac
841 516 991 581 viduitate
1006 526 1174 598 permotae,
1197 540 1273 583 arma
1306 510 1307 593 l

226 623 368 696 sumunt,
394 623 426 678 et
453 623 486 678 ut
514 618 656 680 omnibus
686 635 740 696 par
768 635 808 678 ex
834 617 927 679 simili
955 620 1132 681 conditione
1155 616 1273 683 'animos

226 721 337 796 lieret,
352 717 435 778 viros
458 718 512 798 qui
530 717 762 800 superfuerant,
785 716 989 780 interficiunt:
1013 726 1107 800 atque
1127 738 1272 798 accensae

224 807 256 882 in
279 819 397 885 hostem
420 819 572 900 sanguine
588 835 734 895 suorum
748 816 899 880 ultionem
926 835 1087 881 caesorum
1111 821 1271 901 conjugum
1306 842 1307 907 t

225 917 293 994 [65]
317 917 513 979 finitimorum
537 917 657 979 excidio
684 925 925 997 consequuntur.
968 918 1054 979 Tune
1081 937 1158 998 pace
1185 922 1271 982 armis

225 1020 378 1101 quaesita,
407 1025 553 1079 externos
582 1016 764 1078 concubitus
791 1018 916 1096 ineunt,
950 1018 1049 1080 editos
1077 1037 1178 1081 mares
1207 1037 1272 1080 mox
1306 1072 1307 1103 ,

223 1125 364 1196 enecant,
387 1117 517 1180 feminas
539 1118 678 1186 studiose
699 1116 848 1196 nutriunt,
874 1119 985 1179 inustis
1008 1117 1170 1180 infantium
1194 1120 1270 1182 dex·
1306 1106 1307 1201 ξ

222 1220 386 1282 tertoribus
402 1217 553 1294 mamillis,
576 1234 615 1278 ne
634 1218 811 1298 sagittarum
829 1217 932 1296 jactus
953 1219 1177 1298 impediremur,
1192 1220 1271 1281 unde

222 1311 396 1382 Amazones
430 1318 537 1412 dictae.
581 1315 695 1378 Harum
722 1317 801 1378 duae
828 1316 919 1379 fuera
946 1320 1091 1405 reginae,
1125 1319 1271 1400 Marpesia

222 1428 253 1483 et
280 1420 440 1498 lampeto,
468 1433 548 1496 quae
575 1417 698 1496 agmine
724 1416 824 1479 diviso
845 1419 878 1478 in
907 1417 982 1480 duas
1011 1425 1111 1498 partes
1138 1420 1271 1481 vicissim
1306 1416 1307 1489 i

222 1539 326 1584 curam
352 1518 425 1580 belli
453 1524 484 1578 et
506 1517 613 1578 domus
635 1517 805 1579 custodiam
827 1519 1041 1581 sortiebantur.
1084 1519 1183 1600 lgitur
1205 1539 1271 1581 eum
1306 1520 1307 1599 l

219 1621 361 1702 Europae
382 1619 543 1680 maximam
565 1623 682 1697 partam
705 1619 904 1696 domuissent,
926 1619 1020 1692 Asiae
1035 1637 1111 1681 vero
1126 1620 1271 1700 aliquan·
1306 1646 1307 1651 ¹

219 1726 258 1785 tis
281 1721 455 1784 civitatibus
477 1717 588 1798 captis,
616 1719 701 1798 ipsae
722 1710 893 1798 Ephesum,
915 1720 1053 1800 aliasque
1075 1720 1170 1782 urbes
1192 1737 1270 1782 oon-

220 1823 382 1897 didissent,
411 1819 604 1898 praecipuam
634 1819 789 1879 exereitus
816 1819 864 1879 sui
886 1828 1002 1899 partem
1023 1828 1166 1882 onustam
1190 1839 1271 1901 opu-

218 1922 387 1984 lentissima
410 1913 531 1998 praeda,
554 1917 677 1978 domum
698 1925 860 1979 revocant:
890 1920 1041 2000 reliquae,
1063 1921 1101 1982 ad
1124 1923 1271 1984 tuendum

218 2024 313 2086 Asiae
347 2017 507 2098 imperium
535 2016 663 2078 relictae
692 2013 768 2083 eum'
789 2019 938 2099 llarpesia
964 2022 1088 2102 regina,
1118 2040 1272 2085 concursu

218 2124 351 2186 hostiurn
379 2117 579 2182 trucidantur.
622 2117 720 2198 Hujus
752 2118 854 2181 locum
888 2123 1019 2200 capessit
1052 2121 1166 2202 Sinope
1199 2123 1271 2200 tilia,

117 2286 119 2288 ,
219 2222 288 2298 [oo]
312 2238 391 2300 qnae
414 2218 599 2303 singularem
619 2220 741 2281 virtutis
763 2220 890 2300 gloriam
918 2228 1067 2301 perpetua
1093 2223 1273 2305 virginitate

218 2321 393 2386 cumulavit.
436 2319 499 2381 Hac
532 2317 610 2380 lama
640 2319 757 2401 excitas
787 2327 1014 2400 gentestanta
1046 2322 1205 2384 admiratio
1241 2331 1273 2384 et

216 2422 347 2484 formido
370 2421 533 2498 invaserat,
556 2426 590 2481 ut
611 2419 762 2482 Hercules
784 2438 920 2500 quoque,
944 2440 1012 2485 eum
1031 2424 1137 2502 jussus
1160 2422 1272 2484 luisset
1306 2450 1307 2501 i

216 2544 233 2586 a
256 2525 380 2585 donnino
402 2537 459 2581 suo
481 2520 630 2582 exhibere
652 2537 735 2582 arma
757 2522 895 2602 reginae,
919 2522 1007 2601 quasi
1029 2521 1066 2582 ad
1088 2523 1271 2585 inevitabile
1306 2506 1307 2543 ³

215 2621 384 2703 periculum
408 2619 592 2695 destinatus,
615 2619 790 2680 universam
813 2619 960 2684 Graeciae
982 2622 1091 2683 lectam
1114 2641 1150 2684 ao
1172 2624 1270 2684 nobi-

217 2719 284 2796 [67]
324 2721 383 2782 lem
415 2719 609 2802 juventutem
648 2721 851 2798 contraxerit,
889 2739 999 2783 novem
1033 2722 1140 2804 longas
1173 2741 1271 2785 naves
1306 2716 1307 2767 3

214 2823 416 2903 praepararit:
442 2838 503 2881 nee
523 2826 624 2881 tamen
646 2827 809 2904 contentus
832 2823 974 2884 examine
995 2825 1118 2899 virium,
1141 2841 1181 2884 ex
1202 2825 1271 2885 im·
1306 2808 1307 2879 J

214 2924 338 3002 proviso
359 2919 496 3003 adgredi,
519 2929 550 2982 et
570 2920 738 2998 insperatas
753 2923 978 2984 circumvenire
992 2923 1143 2985 maluerit.
1178 2923 1271 2986 Duae
1306 2906 1307 2973 ἶ

217 3031 289 3084 tunc
311 3037 433 3084 sorores
454 3035 552 3100 regno
580 3026 755 3098 praeerant,
782 3020 916 3100 Antiope
944 3029 975 3082 et
1002 3021 1137 3101 Orithya.
1155 3083 1159 3085 ,
1180 3023 1269 3085 ller-

213 3123 298 3186 cules
323 3122 397 3184 mari
419 3120 581 3197 advectae,
609 3119 747 3182 incautas
769 3122 965 3202 inermesque
988 3129 1019 3184 et
1040 3123 1124 3200 pacis
1146 3124 1272 3186 incuria
1306 3118 1307 3197 l

213 3223 335 3287 desides
372 3220 531 3300 oppressit.
588 3218 673 3281 Inter
708 3239 812 3284 caesas
848 3229 1013 3302 captasque
1050 3223 1272 3300 complurimas
1306 3302 1307 3305 Ἴ

213 3324 292 3386 duae
312 3339 434 3384 sorores
456 3321 623 3402 Antiopae,
653 3320 826 3400 Menalippe
853 3321 891 3382 ab
918 3323 1067 3399 Hercule,
1099 3321 1272 3403 Hippolyte
1306 3310 1307 3353 ³

211 3443 229 3487 a
251 3422 369 3501 Theseo
395 3429 534 3487 retentae
560 3430 640 3486 sunt.
687 3422 748 3485 Sed
774 3422 911 3485 Theseus
938 3423 1125 3504 Hippolyten
1154 3426 1271 3485 matri·

211 3525 314 3602 monio
337 3523 482 3600 adscivit,
514 3522 664 3585 Hercules
690 3521 884 3602 Menalippen
916 3525 1015 3585 sorori
1048 3523 1200 3600 reddidit,
1236 3532 1274 3586 et
1306 3526 1307 3533 ’

209 3642 293 3710 arma
314 3625 441 3705 reginae
471 3626 569 3704 pretio
595 3623 815 3701 redemptionis
842 3625 968 3705 accepit.
1011 3624 1082 3686 Post
1105 3623 1272 3706 Orithyam

209 3724 402 3789 Penthesilea
424 3741 521 3806 regno
543 3725 638 3804 potita
661 3730 722 3785 est:
747 3725 834 3805 cujus
849 3724 979 3806 Trojano
995 3724 1077 3788 bello
1094 3715 1273 3788 clarissima

209 3827 291 3888 inter
312 3828 395 3889 viros
408 3825 601 3889 documenta
623 3823 745 3891 virtutis
767 3825 951 3906 accepimus.
1023 3810 1026 3816 ’
