2634 4434
551 291 601 362 85

471 393 680 403 u———-

59 523 272 605 Cappadociam
304 523 438 601 transiit,
471 522 578 604 ibique
605 524 720 586 bellurn
748 527 812 606 pari
842 526 966 605 perbdia
995 538 1101 614 gessit,

56 631 157 703 captos
177 641 234 704 per
254 623 356 685 dolum
378 622 523 685 linitlmos
544 639 636 704 reges
657 623 825 707 interfecit,
849 632 1003 707 totamque
1019 632 1101 714 Cap-

55 723 209 802 padociam
236 723 365 803 imperio
384 720 584 786 Macedoniae
605 722 750 786 subdidit.
795 725 959 806 indepost
981 733 1103 811 caedes,

54 824 195 886 incendia
217 821 532 903 depraedationesque
560 825 593 884 in
619 824 712 886 sociis
739 824 868 886 urbibus
895 835 999 906 gestas
1028 849 1103 911 par-

53 924 159 986 ricidia
178 924 211 984 in
233 921 343 985 imbres
365 925 533 1001 convertit,
563 941 641 1004 quos
663 924 742 1004 patri
764 943 805 986 ex
826 942 959 989 noverca
981 933 1104 1010 genitos

53 1040 120 1084 oum
136 1023 325 1086 cohaeredes
338 1023 430 1105 requi
442 1031 620 1101 vereretur,
641 1021 817 1086 interlicere
832 1025 994 1106 adgressus
1017 1027 1104 1117 [172]

50 1129 104 1185 est.
144 1123 220 1186 Gurn
242 1129 345 1186 autern
366 1139 462 1184 unum
484 1141 525 1185 cx
546 1124 594 1185 his
613 1123 787 1199 occidisset,
811 1122 872 1185 duo
892 1125 923 1186 iu
939 1126 1104 1209 Olynthum

51 1223 273 1305 confugerunt:
298 1240 389 1302 quam
412 1239 484 1284 mox
500 1222 654 1303 Philippus
676 1221 829 1285 hostiliter
850 1223 1023 1306 adgressus,
1047 1249 1105 1295 ur—

49 1321 119 1384 bem
144 1325 388 1404 antiquissimam
411 1329 443 1384 et
463 1321 720 1400 florentissimam,
743 1322 889 1386 caedibus
904 1343 940 1386 ao
955 1331 1106 1410 sauguine

47 1423 218 1502 repletam,
244 1424 353 1503 opibus
380 1422 619 1502 hominibusque
640 1424 800 1501 vacuavit,
823 1422 991 1488 abstractos
1014 1430 1105 1494 etiam

49 1519 166 1583 fratres
186 1523 336 1600 supplicio
357 1530 391 1583 et
411 1524 482 1584 neci
503 1522 595 1585 dedit.

136 1706 219 1768 Dein
241 1712 339 1782 cum,
376 1705 498 1766 excidio
514 1723 516 1727 ·
532 1705 687 1766 sociorum
721 1712 753 1768 at
784 1704 949 1788 parricidio
981 1709 1106 1776 fratrum

51 1808 163 1882 elatus,
186 1805 282 1866 licere
297 1804 357 1866 sibi
372 1803 484 1878 omnia,
507 1820 588 1883 quae
603 1805 811 1884 cogitavisset,
834 1813 965 1886 putaret,
988 1815 1108 1878 auraria

51 1907 119 1969 loca
144 1907 177 1967 in
203 1904 374 1980 Thessalia,
403 1905 524 1983 argenti
551 1903 672 1966 metalla
699 1905 731 1965 in
758 1903 885 1968 Thracia
912 1908 1040 1971 invasit:
1070 1932 1107 1976 ae

53 2024 91 2067 ne
115 2005 200 2086 quod
217 2005 271 2084 jus
293 2004 344 2066 vel
366 2002 412 2064 las
434 2002 615 2064 inuiolatum
636 2005 910 2084 pmetcrmitteret,
932 2026 1106 2088 praeoccu-

53 2113 124 2184 pato
155 2107 231 2166 mari
259 2111 290 2166 et
317 2102 416 2164 classe
442 2101 594 2181 dispersa,
621 2104 777 2182 piraticam
806 2122 932 2187 quoque
959 2126 1108 2176 exercere

53 2207 198 2267 instituit.
242 2204 404 2265 Pmeterea
425 2219 496 2261 cum
518 2219 588 2263 eum
611 2202 721 2266 fratres
743 2203 816 2281 duo,
838 2205 984 2270 Thmciae
1007 2208 1108 2290 Repes

52 2307 92 2368 de
114 2306 207 2385 regni
228 2289 368 2366 terminis
388 2300 597 2382 ambigentes,
615 2303 752 2382 judicem
776 2322 816 2366 ex
838 2321 991 2370 consensu
1013 2327 1108 2388 prae-

53 2407 261 2486 optavissent,
289 2403 444 2483 Philippus
470 2418 555 2462 moro
582 2402 701 2480 ingenii
728 2403 777 2462 sui
803 2403 1012 2482 adjudicium
1036 2416 1109 2468 tan·
1184 2396 1189 2401 ⁵

54 2525 149 2586 quarn
171 2505 210 2567 ad
232 2504 358 2580 bellum,
381 2519 451 2563 curu
472 2502 622 2562 instructo
644 2500 785 2561 exercitu
806 2500 973 2581 ingressus,
997 2505 1111 2570 inscios

51 2608 189 2686 juvenes
221 2606 284 2666 vita
316 2618 478 2683 regnoque
509 2599 649 2680 privavit.
693 2597 899 2664 Athenienses
931 2620 1022 2681 vero,
1057 2605 1111 2685 qui

55 2709 144 2786 prius
165 2703 293 2784 Philippi
322 2703 494 2783 ingressum
516 2699 786 2781 Thermopylarum
814 2702 985 2764 munitione
1013 2723 1111 2784 repu-

55 2807 173 2882 lemut,
211 2803 292 2864 ultro
325 2820 431 2881 pacem
465 2800 531 2880 ejus
564 2805 762 2879 expetentes,
798 2798 1111 2866 fraudulentissimum

55 2905 178 2968 hostem
202 2905 241 2966 de
262 2902 404 2983 neglecta
419 2902 561 2963 introitus
577 2900 715 2962 custodia
731 2908 994 2964 commonuerunt.
1030 2902 1112 2966 Cae-

57 3012 145 3068 terae
168 3006 260 3067 etiam
283 3001 430 3064 Graeciae
452 3003 609 3078 civitates,
632 3007 667 3060 ut
688 3001 836 3062 intentius
858 3001 1001 3063 civilibus
1024 3004 1113 3066 bellis

56 3110 224 3180 vacarent,
252 3102 310 3166 sub
338 3103 442 3182 specie
463 3100 547 3180 pacis
570 3107 602 3161 et
623 3097 758 3160 foederis
780 3106 888 3178 sponte
910 3117 945 3162 se
967 3109 1115 3164 externae

57 3203 262 3284 dominationi
284 3202 498 3283 subjecerunt:
522 3196 671 3276 maxime,
694 3215 763 3260 curu
785 3197 922 3259 Thessali
943 3198 1114 3281 Boeotique

56 3309 225 3383 poscerent
239 3303 420 3381 Philippum,
443 3309 478 3362 ut
500 3298 670 3381 professum
692 3315 726 3359 se
741 3295 903 3358 adversum
920 3296 1002 3359 Pho·
1026 3296 1114 3384 [tte]

57 3419 172 3466 censes
202 3403 311 3465 dueetn
345 3401 522 3478 exhiberet,
556 3404 796 3478 susceptumque
828 3385 942 3460 bellum
974 3409 1113 3481 gereret:

57 3511 169 3566 contra
190 3501 382 3578 Phocenses,
405 3499 547 3561 adhibitis
569 3516 674 3560 secum
698 3497 938 3560 Atheniensibus
961 3505 992 3561 et
1013 3501 1114 3562 Laee-

58 3605 250 3682 daemoniis,
272 3603 323 3665 vel
351 3601 467 3664 differri
493 3600 624 3677 bellum,
656 3598 709 3662 vel
740 3596 855 3662 auferri
888 3605 920 3660 et
952 3601 1050 3678 prelio
1085 3606 1116 3660 et

57 3704 207 3784 precibus
229 3703 410 3766 laborarent
444 3702 597 3782 Philippus
619 3701 711 3762 tacite
734 3700 872 3776 utrisque
894 3697 1016 3760 diversa
1038 3713 1115 3776 pro-

58 3806 155 3881 misit,
179 3804 387 3867 Phocensibus
409 3821 514 3884 pacem
538 3808 569 3863 et
583 3802 705 3864 veniam
720 3817 755 3862 se
770 3799 910 3860 daturum
925 3803 1116 3860 sacramento

57 3904 266 3968 conlirmans.v
301 3904 453 3968 Thessalis
475 3919 550 3965 varo
572 3897 747 3964 adfuturum
770 3915 804 3960 se
827 3911 899 3958 rnox
920 3913 990 3956 eum
1020 3914 1115 3960 exer-

923 4007 961 4059 fibi
