2634 4434
692 307 764 379 136

199 545 286 606 solas
305 545 411 608 euasit.
454 545 488 606 ln
512 561 550 607 eo
578 549 681 607 umen
708 543 790 608 bello
818 543 909 609 etiam
937 543 1072 609 Annibal
1095 547 1247 614 sauciatos

199 652 260 707 est:
290 646 344 726 poi
370 652 477 726 postea
505 661 575 708 oum
602 646 635 708 in
664 645 816 708 Etruriam
838 645 936 725 primo
958 661 1035 706 vere
1056 647 1199 708 transiret
1218 647 1245 708 in

198 761 318 808 summo
333 747 498 826 Apennino
511 753 693 827 tempestate
708 750 879 824 correptus,
902 743 996 807 biduo
1019 745 1167 808 continuo
1188 747 1243 807 im-

197 843 353 908 mobiliter
374 864 443 908 eum
466 847 606 913 exercitu
628 845 753 910 nivibus
775 843 941 909 conclusus
964 851 995 906 et
1017 852 1147 908 onustus
1163 845 1244 907 obri-

195 944 279 1026 guit:
300 943 355 1008 ubi
377 963 506 1028 magnus
526 946 683 1008 bominum
706 959 864 1021 numerus,
886 945 1021 1026 lamenta
1044 944 1246 1026 complurima,

196 1044 353 1128 elephanti
380 1063 480 1129 paene
506 1062 614 1112 omnes
646 1045 770 1127 frigoris
802 1043 970 1130 acerbitate
1001 1045 1170 1124 perierunt.
1211 1046 1246 1108 At

197 1161 273 1207 vero
288 1144 366 1208 alter
381 1152 455 1208 tuno
470 1145 584 1228 Scipio,
607 1144 703 1212 irater
724 1145 859 1210 consulis
876 1142 1038 1224 Scipionis,
1062 1146 1093 1207 in
1110 1144 1246 1228 Hispana

197 1244 327 1324 plurima
349 1244 430 1309 bella
457 1243 564 1328 gessit,
592 1244 753 1326 Magonem
782 1261 908 1325 quoque
939 1245 1113 1308 Poenorum
1135 1245 1245 1326 ‚duoem

198 1343 281 1407 bello
302 1347 377 1409 alsit
398 1353 432 1411 et
451 1347 541 1426 oepit.

196 1624 285 1712 pu]
474 1628 478 1636 ¹
554 1597 753 1736 ltput
800 1593 892 1708 lll.

227 1830 345 1903 Multo
370 1835 527 1918 maome
552 1838 625 1904 tam
643 1836 802 1920 mutiam
833 1835 967 1920 moerim
998 1835 1219 1921 adparatum,

182 2006 186 2010 ,
227 1932 482 2015 metaverat
500 1939 583 2006 ortu
605 1938 653 2005 od
673 1938 942 2011 internecionem
955 1954 1068 2018 neate
1081 1935 1221 2010 utera-

401 2035 453 2105 m‘i
473 2032 636 2110 emmae
658 2038 849 2110 exereitum
872 2037 1042 2110 caedent.

279 2221 361 2292 Diris
383 2231 460 2286 tune
479 2227 570 2291 etiam
592 2225 721 2292 Romani
743 2224 894 2306 prodigiis
925 2222 1025 2290 territi
1051 2229 1132 2286 sunt.
1181 2223 1249 2286 Nan

175 2328 228 2401 ,et
248 2318 323 2384 solis
350 2322 434 2386 orbis
461 2326 559 2386 minui
584 2326 670 2388 risus
698 2330 756 2400 est,
784 2329 816 2384 et
842 2323 923 2405 apud
945 2321 1045 2405 Arpos
1071 2339 1202 2400 parmae
1222 2326 1249 2412 ip

195 2421 284 2485 eoelo
305 2423 401 2500 visae,
423 2423 470 2486 sol
492 2440 617 2506 quoque
632 2440 786 2506 pugnasse
809 2441 878 2486 oum
893 2421 976 2500 luna,
999 2419 1080 2501 apud
1097 2418 1251 2506 Carpenas

194 2521 330 2589 interdiu
351 2523 427 2586 duas
448 2525 538 2589 lunas
560 2532 654 2607 ortas,
676 2525 707 2588 in
732 2523 871 2589 Sardinia
893 2520 1050 2606 sanguine·
1072 2520 1134 2588 duo
1169 2532 1252 2588 scuta

194 2622 338 2699 sudasse,
365 2623 490 2691 Faliscis
517 2627 638 2688 eoelum
666 2623 767 2686 scindi
791 2623 879 2686 velut
900 2638 1011 2706 magno
1033 2620 1118 2684 biatu
1141 2625 1253 2704 visum,

195 2719 276 2800 apud
297 2721 424 2788 Antium
447 2725 636 2791 metentibus
656 2729 802 2787 eruentes
823 2723 923 2806 spicas
944 2725 977 2788 in
1005 2720 1128 2787 corbem
1161 2725 1249 2788 deei-

198 2819 292 2886 disse.
328 2821 426 2905 lgitur
440 2825 574 2889 Annibal
596 2824 701 2889 sciens
714 2822 895 2888 Flaminium
916 2821 1075 2888 consulem
1097 2822 1198 2886 solum
1222 2825 1250 2886 in

197 2922 306 2985 eastris
332 2940 413 3000 esse,
436 2942 498 3004 quo
520 2924 653 2990 celerius
676 2924 855 3005 imparatum
878 2923 1034 3001 abnueret,
1056 2923 1155 3002 primo
1178 2942 1252 2986 vere

193 3036 376 3101 progressus
398 3023 526 3105 arripuit
547 3025 721 3106 propiorem
743 3024 798 3088 sed
820 3023 985 3104 palustrem
1007 3023 1104 3086 viam:
1134 3031 1167 3086 et
1190 3033 1251 3088 tum

195 3116 276 3188 sorte
294 3121 410 3190 Sarnus
432 3123 494 3190 late
513 3124 691 3189 redundans
714 3123 863 3206 pendulos
886 3129 918 3186 et
941 3121 1106 3187 dissolutos
1128 3141 1252 3206 campos

193 3220 380 3304 reliquerat:
418 3225 466 3289 De
488 3224 603 3307 quibus
622 3225 737 3292 diuum
760 3231 818 3302 est,

404 3391 456 3460 rtt
476 3411 566 3477 quae
586 3395 680 3476 rapat
699 3409 852 3475 aequora
873 3385 1025 3458 Sarnous.

193 3555 230 3618 ln
252 3577 330 3638 quos
352 3580 422 3625 oum
445 3568 584 3633 exercitu
606 3581 788 3646 progressus
806 3565 941 3627 Annibal
963 3561 1085 3626 nebulis
1107 3564 1248 3638 maxime,

195 3676 276 3738 quae
291 3661 330 3724 de
345 3664 456 3743 palude
474 3666 705 3739 exhalabantur,
728 3671 924 3744 prospectum
944 3663 1157 3726 auferentibus
1181 3679 1248 3723 nra·

194 3775 286 3839 gnam
302 3769 418 3842 partem
433 3767 588 3827 sociorum
598 3767 874 3844 jumentorumque
888 3765 1029 3844 perdidit.
1063 3763 1132 3844 lpse
1147 3769 1249 3824 autem

196 3860 251 3920 uni
272 3862 435 3944 elephanto
458 3865 512 3942 qui
534 3862 618 3925 solus
641 3861 846 3942 superluerat,
869 3865 1074 3944 supersedere
1086 3864 1148 3925 uix
1163 3859 1248 3924 dilii-

197 3952 282 4040 [255]
294 3964 439 4025 cultatem
455 3963 574 4025 itineris
597 3964 710 4026 evasit:
735 3963 790 4026 sed
812 3965 946 4041 oculum,
969 3981 1033 4046 que
1049 3964 1115 4043 lam
1135 3962 1249 4026 dorum
