<?xml version="1.0" encoding="UTF-8"?>
<!DOCTYPE html PUBLIC "-//W3C//DTD XHTML 1.0 Transitional//EN"
    "http://www.w3.org/TR/xhtml1/DTD/xhtml1-transitional.dtd">
<html xmlns="http://www.w3.org/1999/xhtml" xml:lang="en" lang="en">
 <head>
  <title>
</title>
<meta http-equiv="Content-Type" content="text/html;charset=utf-8" />
  <meta name='ocr-system' content='tesseract 3.04.00' />
  <meta name='ocr-capabilities' content='ocr_page ocr_carea ocr_par ocr_line ocrx_word'/>
</head>
<body>
  <div class='ocr_page' id='page_1' title='image "./pauliorosiipres00havegoog_0215.png"; bbox 0 0 2634 4434; ppageno 0'>
   <div class='ocr_carea' id='block_1_1' title="bbox 676 329 752 399">
    <p class='ocr_par' dir='ltr' id='par_1_1' title="bbox 676 329 752 399">
     <span class='ocr_line' id='line_1_1' title="bbox 676 329 752 399; baseline -0.039 0"><span class='ocrx_word' id='word_1_1' title='bbox 676 329 752 399; x_wconf 82' lang='lat'><strong>210</strong></span> 
     </span>
    </p>
   </div>
   <div class='ocr_carea' id='block_1_2' title="bbox 610 428 817 441">
    <p class='ocr_par' dir='ltr' id='par_1_2' title="bbox 610 428 817 441">
     <span class='ocr_line' id='line_1_2' title="bbox 610 428 817 441; baseline -0.014 0"><span class='ocrx_word' id='word_1_2' title='bbox 610 428 817 441; x_wconf 66' lang='lat' dir='ltr'><strong>..u—..-</strong></span> 
     </span>
    </p>
   </div>
   <div class='ocr_carea' id='block_1_3' title="bbox 1 519 1249 755">
    <p class='ocr_par' dir='ltr' id='par_1_3' title="bbox 1 519 1249 755">
     <span class='ocr_line' id='line_1_3' title="bbox 91 519 1249 646; baseline -0.027 -3"><span class='ocrx_word' id='word_1_3' title='bbox 91 600 153 646; x_wconf 76' lang='lat' dir='ltr'><strong>.sr.</strong></span> <span class='ocrx_word' id='word_1_4' title='bbox 189 583 346 641; x_wconf 87' lang='lat' dir='ltr'><strong>extractus</strong></span> <span class='ocrx_word' id='word_1_5' title='bbox 375 573 496 634; x_wconf 89' lang='lat' dir='ltr'><strong>meritas</strong></span> <span class='ocrx_word' id='word_1_6' title='bbox 523 567 642 631; x_wconf 88' lang='lat' dir='ltr'><strong>hostilis</strong></span> <span class='ocrx_word' id='word_1_7' title='bbox 664 565 759 627; x_wconf 90' lang='lat' dir='ltr'><strong>animi</strong></span> <span class='ocrx_word' id='word_1_8' title='bbox 780 519 895 643; x_wconf 88' lang='lat' dir='ltr'><strong>poenas</strong></span> <span class='ocrx_word' id='word_1_9' title='bbox 917 558 984 619; x_wconf 86' lang='lat' dir='ltr'><strong>luit.</strong></span> <span class='ocrx_word' id='word_1_10' title='bbox 1001 550 1009 629; x_wconf 77' lang='lat' dir='ltr'><strong>l</strong></span> <span class='ocrx_word' id='word_1_11' title='bbox 1028 554 1145 616; x_wconf 89' lang='lat' dir='ltr'><strong>Eodem</strong></span> <span class='ocrx_word' id='word_1_12' title='bbox 1169 569 1249 614; x_wconf 90' lang='lat' dir='ltr'><strong>vero</strong></span> 
     </span>
     <span class='ocr_line' id='line_1_4' title="bbox 1 652 1247 755; baseline -0.032 -4"><span class='ocrx_word' id='word_1_13' title='bbox 1 663 156 751; x_wconf 67' lang='lat' dir='ltr'><strong>l&#39;·⁸⁸·77·</strong></span> <span class='ocrx_word' id='word_1_14' title='bbox 188 677 335 740; x_wconf 80' lang='lat' dir='ltr'><strong>Lucullus</strong></span> <span class='ocrx_word' id='word_1_15' title='bbox 357 676 472 755; x_wconf 86' lang='lat' dir='ltr'><strong>impetu</strong></span> <span class='ocrx_word' id='word_1_16' title='bbox 496 670 652 751; x_wconf 81' lang='lat' dir='ltr'><strong>Apamiam</strong></span> <span class='ocrx_word' id='word_1_17' title='bbox 681 664 813 727; x_wconf 86' lang='lat' dir='ltr'><strong>vastavit</strong></span> <span class='ocrx_word' id='word_1_18' title='bbox 839 666 871 721; x_wconf 87' lang='lat' dir='ltr'><strong>et</strong></span> <span class='ocrx_word' id='word_1_19' title='bbox 896 657 955 721; x_wconf 88' lang='lat' dir='ltr'><strong>sub</strong></span> <span class='ocrx_word' id='word_1_20' title='bbox 984 662 1087 719; x_wconf 81' lang='lat' dir='ltr'><strong>inante</strong></span> <span class='ocrx_word' id='word_1_21' title='bbox 1114 652 1247 733; x_wconf 82' lang='lat' dir='ltr'><strong>Olympo</strong></span> 
     </span>
    </p>
   </div>
   <div class='ocr_carea' id='block_1_4' title="bbox 103 760 1249 957">
    <p class='ocr_par' dir='ltr' id='par_1_4' title="bbox 103 760 1249 957">
     <span class='ocr_line' id='line_1_5' title="bbox 189 760 1249 853; baseline -0.026 -13"><span class='ocrx_word' id='word_1_22' title='bbox 189 779 329 853; x_wconf 91' lang='lat' dir='ltr'><strong>Prusam,</strong></span> <span class='ocrx_word' id='word_1_23' title='bbox 364 773 595 836; x_wconf 90' lang='lat' dir='ltr'><strong>munitissimam</strong></span> <span class='ocrx_word' id='word_1_24' title='bbox 624 766 797 839; x_wconf 88' lang='lat' dir='ltr'><strong>civitatem,</strong></span> <span class='ocrx_word' id='word_1_25' title='bbox 830 766 948 839; x_wconf 89' lang='lat' dir='ltr'><strong>captam</strong></span> <span class='ocrx_word' id='word_1_26' title='bbox 976 760 1249 837; x_wconf 74' lang='lat' dir='ltr'><strong>expugnatamque</strong></span> 
     </span>
     <span class='ocr_line' id='line_1_6' title="bbox 103 852 1249 957; baseline -0.01 -33"><span class='ocrx_word' id='word_1_27' title='bbox 103 885 171 929; x_wconf 61' lang='lat' dir='ltr'><strong>aa·</strong></span> <span class='ocrx_word' id='word_1_28' title='bbox 191 873 322 957; x_wconf 75' lang='lat' dir='ltr'><strong>diripuit.</strong></span> <span class='ocrx_word' id='word_1_29' title='bbox 366 872 554 935; x_wconf 72' lang='lat' dir='ltr'><strong>Mithridates</strong></span> <span class='ocrx_word' id='word_1_30' title='bbox 587 867 736 929; x_wconf 90' lang='lat' dir='ltr'><strong>adversus</strong></span> <span class='ocrx_word' id='word_1_31' title='bbox 763 862 941 943; x_wconf 77' lang='lat' dir='ltr'><strong>Byzantium</strong></span> <span class='ocrx_word' id='word_1_32' title='bbox 970 858 1120 919; x_wconf 87' lang='lat' dir='ltr'><strong>instructa</strong></span> <span class='ocrx_word' id='word_1_33' title='bbox 1147 852 1249 914; x_wconf 87' lang='lat' dir='ltr'><strong>classe</strong></span> 
     </span>
    </p>
   </div>
   <div class='ocr_carea' id='block_1_5' title="bbox 5 952 1252 1357">
    <p class='ocr_par' dir='ltr' id='par_1_5' title="bbox 5 952 1252 1357">
     <span class='ocr_line' id='line_1_7' title="bbox 5 952 1251 1085; baseline -0.024 -43"><span class='ocrx_word' id='word_1_34' title='bbox 5 952 169 1085; x_wconf 43' lang='lat' dir='ltr'><strong>mmm</strong></span> <span class='ocrx_word' id='word_1_35' title='bbox 191 964 338 1058; x_wconf 78' lang='lat' dir='ltr'><strong>navigans</strong></span> <span class='ocrx_word' id='word_1_36' title='bbox 372 977 552 1051; x_wconf 82' lang='lat' dir='ltr'><strong>tempestate</strong></span> <span class='ocrx_word' id='word_1_37' title='bbox 586 970 761 1044; x_wconf 88' lang='lat' dir='ltr'><strong>correptus,</strong></span> <span class='ocrx_word' id='word_1_38' title='bbox 795 961 951 1041; x_wconf 82' lang='lat' dir='ltr'><strong>octoginta</strong></span> <span class='ocrx_word' id='word_1_39' title='bbox 976 962 1123 1019; x_wconf 84' lang='lat' dir='ltr'><strong>rostratas</strong></span> <span class='ocrx_word' id='word_1_40' title='bbox 1152 966 1251 1013; x_wconf 81' lang='lat' dir='ltr'><strong>nares</strong></span> 
     </span>
     <span class='ocr_line' id='line_1_8' title="bbox 10 1055 1250 1199; baseline -0.027 -53"><span class='ocrx_word' id='word_1_41' title='bbox 10 1125 41 1170; x_wconf 78' lang='lat' dir='ltr'><strong>co</strong></span> <span class='ocrx_word' id='word_1_42' title='bbox 54 1060 336 1199; x_wconf 24' lang='lat' dir='ltr'><strong>,pppwpperdidih</strong></span> <span class='ocrx_word' id='word_1_43' title='bbox 361 1075 429 1156; x_wconf 89' lang='lat' dir='ltr'><strong>lpse</strong></span> <span class='ocrx_word' id='word_1_44' title='bbox 452 1089 520 1133; x_wconf 93' lang='lat' dir='ltr'><strong>cum</strong></span> <span class='ocrx_word' id='word_1_45' title='bbox 545 1072 686 1149; x_wconf 87' lang='lat' dir='ltr'><strong>quassata</strong></span> <span class='ocrx_word' id='word_1_46' title='bbox 703 1064 767 1143; x_wconf 85' lang='lat' dir='ltr'><strong>jam</strong></span> <span class='ocrx_word' id='word_1_47' title='bbox 790 1062 862 1123; x_wconf 91' lang='lat' dir='ltr'><strong>navi</strong></span> <span class='ocrx_word' id='word_1_48' title='bbox 880 1064 1084 1141; x_wconf 81' lang='lat' dir='ltr'><strong>mergeretur,</strong></span> <span class='ocrx_word' id='word_1_49' title='bbox 1106 1055 1139 1116; x_wconf 94' lang='lat' dir='ltr'><strong>in</strong></span> <span class='ocrx_word' id='word_1_50' title='bbox 1154 1068 1250 1132; x_wconf 79' lang='lat' dir='ltr'><strong>mpo-</strong></span> 
     </span>
     <span class='ocr_line' id='line_1_9' title="bbox 193 1152 1252 1257; baseline -0.027 -16"><span class='ocrx_word' id='word_1_51' title='bbox 193 1195 337 1257; x_wconf 90' lang='lat' dir='ltr'><strong>paronem</strong></span> <span class='ocrx_word' id='word_1_52' title='bbox 375 1173 498 1244; x_wconf 87' lang='lat' dir='ltr'><strong>Seleuci</strong></span> <span class='ocrx_word' id='word_1_53' title='bbox 532 1169 647 1250; x_wconf 78' lang='lat' dir='ltr'><strong>piratae</strong></span> <span class='ocrx_word' id='word_1_54' title='bbox 686 1166 753 1245; x_wconf 91' lang='lat' dir='ltr'><strong>ipso</strong></span> <span class='ocrx_word' id='word_1_55' title='bbox 785 1164 882 1242; x_wconf 87' lang='lat' dir='ltr'><strong>pirata</strong></span> <span class='ocrx_word' id='word_1_56' title='bbox 909 1163 1038 1242; x_wconf 79' lang='lat' dir='ltr'><strong>Juvante</strong></span> <span class='ocrx_word' id='word_1_57' title='bbox 1074 1152 1252 1217; x_wconf 81' lang='lat' dir='ltr'><strong>transilivit.</strong></span> 
     </span>
     <span class='ocr_line' id='line_1_10' title="bbox 192 1252 1252 1357; baseline -0.025 -19"><span class='ocrx_word' id='word_1_58' title='bbox 192 1277 267 1339; x_wconf 86' lang='lat' dir='ltr'><strong>lude</strong></span> <span class='ocrx_word' id='word_1_59' title='bbox 296 1276 456 1357; x_wconf 78' lang='lat' dir='ltr'><strong>sinopem,</strong></span> <span class='ocrx_word' id='word_1_60' title='bbox 490 1289 526 1333; x_wconf 92' lang='lat' dir='ltr'><strong>ac</strong></span> <span class='ocrx_word' id='word_1_61' title='bbox 559 1274 627 1348; x_wconf 92' lang='lat' dir='ltr'><strong>post</strong></span> <span class='ocrx_word' id='word_1_62' title='bbox 659 1264 798 1327; x_wconf 82' lang='lat' dir='ltr'><strong>Amisum</strong></span> <span class='ocrx_word' id='word_1_63' title='bbox 831 1280 901 1325; x_wconf 92' lang='lat' dir='ltr'><strong>cum</strong></span> <span class='ocrx_word' id='word_1_64' title='bbox 930 1276 1040 1341; x_wconf 83' lang='lat' dir='ltr'><strong>magna</strong></span> <span class='ocrx_word' id='word_1_65' title='bbox 1067 1252 1252 1319; x_wconf 86' lang='lat' dir='ltr'><strong>difficultate</strong></span> 
     </span>
    </p>
   </div>
   <div class='ocr_carea' id='block_1_6' title="bbox 193 1378 342 1457">
    <p class='ocr_par' dir='ltr' id='par_1_6' title="bbox 193 1378 342 1457">
     <span class='ocr_line' id='line_1_11' title="bbox 193 1378 342 1457; baseline 0 -18"><span class='ocrx_word' id='word_1_66' title='bbox 193 1378 342 1457; x_wconf 86' lang='lat' dir='ltr'><strong>pervenit.</strong></span> 
     </span>
    </p>
   </div>
   <div class='ocr_carea' id='block_1_7' title="bbox 194 1587 894 1745">
    <p class='ocr_par' dir='ltr' id='par_1_7' title="bbox 194 1587 894 1745">
     <span class='ocr_line' id='line_1_12' title="bbox 194 1587 894 1745; baseline -0.007 -32"><span class='ocrx_word' id='word_1_67' title='bbox 194 1647 281 1732; x_wconf 79' lang='lat' dir='ltr'><strong>[aar</strong></span> <span class='ocrx_word' id='word_1_68' title='bbox 521 1587 756 1745; x_wconf 83' lang='lat' dir='ltr'><strong>leput·</strong></span> <span class='ocrx_word' id='word_1_69' title='bbox 805 1600 894 1712; x_wconf 91' lang='lat' dir='ltr'><strong>lll.</strong></span> 
     </span>
    </p>
   </div>
   <div class='ocr_carea' id='block_1_8' title="bbox 196 1799 1251 1997">
    <p class='ocr_par' dir='ltr' id='par_1_8' title="bbox 196 1799 1251 1997">
     <span class='ocr_line' id='line_1_13' title="bbox 196 1799 1251 1883; baseline -0.017 -2"><span class='ocrx_word' id='word_1_70' title='bbox 196 1816 251 1881; x_wconf 87' lang='lat' dir='ltr'><strong>De</strong></span> <span class='ocrx_word' id='word_1_71' title='bbox 272 1813 441 1883; x_wconf 77' lang='lat' dir='ltr'><strong>Catilinae</strong></span> <span class='ocrx_word' id='word_1_72' title='bbox 462 1816 596 1881; x_wconf 77' lang='lat' dir='ltr'><strong>incestu</strong></span> <span class='ocrx_word' id='word_1_73' title='bbox 619 1818 653 1879; x_wconf 90' lang='lat' dir='ltr'><strong>et</strong></span> <span class='ocrx_word' id='word_1_74' title='bbox 673 1810 896 1877; x_wconf 83' lang='lat' dir='ltr'><strong>Lucullorum</strong></span> <span class='ocrx_word' id='word_1_75' title='bbox 919 1806 1090 1872; x_wconf 66' lang='lat' dir='ltr'><strong>advoca</strong></span> <span class='ocrx_word' id='word_1_76' title='bbox 1105 1799 1251 1877; x_wconf 75' lang='lat' dir='ltr'><strong>Bessos,</strong></span> 
     </span>
     <span class='ocr_line' id='line_1_14' title="bbox 287 1903 1156 1997; baseline -0.02 -15"><span class='ocrx_word' id='word_1_77' title='bbox 287 1916 523 1983; x_wconf 80' lang='lat' dir='ltr'><strong>Mithridatem</strong></span> <span class='ocrx_word' id='word_1_78' title='bbox 547 1918 582 1981; x_wconf 88' lang='lat' dir='ltr'><strong>et</strong></span> <span class='ocrx_word' id='word_1_79' title='bbox 604 1912 807 1997; x_wconf 64' lang='lat' dir='ltr'><strong>Timonem,</strong></span> <span class='ocrx_word' id='word_1_80' title='bbox 830 1910 1029 1991; x_wconf 77' lang='lat' dir='ltr'><strong>ceterosque</strong></span> <span class='ocrx_word' id='word_1_81' title='bbox 1050 1903 1156 1969; x_wconf 76' lang='lat' dir='ltr'><strong>bellic.</strong></span> 
     </span>
    </p>
   </div>
   <div class='ocr_carea' id='block_1_9' title="bbox 280 2075 1255 2165">
    <p class='ocr_par' dir='ltr' id='par_1_9' title="bbox 280 2075 1255 2165">
     <span class='ocr_line' id='line_1_15' title="bbox 280 2075 1255 2165; baseline -0.017 -18"><span class='ocrx_word' id='word_1_82' title='bbox 280 2085 395 2147; x_wconf 90' lang='lat' dir='ltr'><strong>Eodem</strong></span> <span class='ocrx_word' id='word_1_83' title='bbox 418 2103 499 2147; x_wconf 90' lang='lat' dir='ltr'><strong>anno</strong></span> <span class='ocrx_word' id='word_1_84' title='bbox 524 2086 604 2165; x_wconf 91' lang='lat' dir='ltr'><strong>apud</strong></span> <span class='ocrx_word' id='word_1_85' title='bbox 631 2084 755 2145; x_wconf 86' lang='lat' dir='ltr'><strong>Romam</strong></span> <span class='ocrx_word' id='word_1_86' title='bbox 784 2080 914 2143; x_wconf 80' lang='lat' dir='ltr'><strong>Catilina</strong></span> <span class='ocrx_word' id='word_1_87' title='bbox 939 2075 1051 2139; x_wconf 83' lang='lat' dir='ltr'><strong>incesti</strong></span> <span class='ocrx_word' id='word_1_88' title='bbox 1078 2078 1255 2145; x_wconf 88' lang='lat' dir='ltr'><strong>accusatus,</strong></span> 
     </span>
    </p>
   </div>
   <div class='ocr_carea' id='block_1_10' title="bbox 0 2171 1264 3957">
    <p class='ocr_par' dir='ltr' id='par_1_10' title="bbox 0 2171 1264 3957">
     <span class='ocr_line' id='line_1_16' title="bbox 197 2171 1254 2269; baseline -0.019 -19"><span class='ocrx_word' id='word_1_89' title='bbox 197 2186 279 2269; x_wconf 89' lang='lat' dir='ltr'><strong>quod</strong></span> <span class='ocrx_word' id='word_1_90' title='bbox 312 2203 381 2247; x_wconf 92' lang='lat' dir='ltr'><strong>cum</strong></span> <span class='ocrx_word' id='word_1_91' title='bbox 410 2185 500 2247; x_wconf 84' lang='lat' dir='ltr'><strong>Fabia</strong></span> <span class='ocrx_word' id='word_1_92' title='bbox 533 2186 654 2267; x_wconf 84' lang='lat' dir='ltr'><strong>virgine</strong></span> <span class='ocrx_word' id='word_1_93' title='bbox 680 2183 797 2246; x_wconf 88' lang='lat' dir='ltr'><strong>Vestali</strong></span> <span class='ocrx_word' id='word_1_94' title='bbox 831 2178 1021 2243; x_wconf 82' lang='lat' dir='ltr'><strong>commisisse</strong></span> <span class='ocrx_word' id='word_1_95' title='bbox 1053 2171 1254 2253; x_wconf 82' lang='lat' dir='ltr'><strong>arguebatur,</strong></span> 
     </span>
     <span class='ocr_line' id='line_1_17' title="bbox 16 2273 1257 2381; baseline -0.023 -23"><span class='ocrx_word' id='word_1_96' title='bbox 16 2317 176 2363; x_wconf 50' lang='lat' dir='ltr'><strong>cmm.</strong></span> <span class='ocrx_word' id='word_1_97' title='bbox 198 2286 296 2349; x_wconf 86' lang='lat' dir='ltr'><strong>Catuli</strong></span> <span class='ocrx_word' id='word_1_98' title='bbox 318 2287 415 2368; x_wconf 84' lang='lat' dir='ltr'><strong>gratia</strong></span> <span class='ocrx_word' id='word_1_99' title='bbox 437 2284 531 2347; x_wconf 89' lang='lat' dir='ltr'><strong>fultus</strong></span> <span class='ocrx_word' id='word_1_100' title='bbox 554 2288 658 2347; x_wconf 92' lang='lat' dir='ltr'><strong>evasit.</strong></span> <span class='ocrx_word' id='word_1_101' title='bbox 671 2273 680 2381; x_wconf 65' lang='lat' dir='ltr'><strong>l</strong></span> <span class='ocrx_word' id='word_1_102' title='bbox 694 2284 841 2345; x_wconf 92' lang='lat' dir='ltr'><strong>Lucullus</strong></span> <span class='ocrx_word' id='word_1_103' title='bbox 862 2280 997 2357; x_wconf 83' lang='lat' dir='ltr'><strong>Sinopen</strong></span> <span class='ocrx_word' id='word_1_104' title='bbox 1019 2278 1257 2355; x_wconf 82' lang='lat' dir='ltr'><strong>expugnaturus</strong></span> 
     </span>
     <span class='ocr_line' id='line_1_18' title="bbox 10 2370 1256 2483; baseline -0.019 -29"><span class='ocrx_word' id='word_1_105' title='bbox 10 2404 123 2483; x_wconf 57' lang='lat' dir='ltr'><strong>rap-rt.</strong></span> <span class='ocrx_word' id='word_1_106' title='bbox 137 2401 178 2446; x_wconf 79' lang='lat' dir='ltr'><strong>tt.</strong></span> <span class='ocrx_word' id='word_1_107' title='bbox 198 2388 369 2450; x_wconf 89' lang='lat' dir='ltr'><strong>obsederat.</strong></span> <span class='ocrx_word' id='word_1_108' title='bbox 407 2384 492 2447; x_wconf 88' lang='lat' dir='ltr'><strong>Hanc</strong></span> <span class='ocrx_word' id='word_1_109' title='bbox 515 2385 665 2449; x_wconf 80' lang='lat' dir='ltr'><strong>Seleucus</strong></span> <span class='ocrx_word' id='word_1_110' title='bbox 686 2385 867 2464; x_wconf 85' lang='lat' dir='ltr'><strong>archipirata</strong></span> <span class='ocrx_word' id='word_1_111' title='bbox 890 2386 922 2442; x_wconf 90' lang='lat' dir='ltr'><strong>et</strong></span> <span class='ocrx_word' id='word_1_112' title='bbox 942 2376 1124 2439; x_wconf 75' lang='lat' dir='ltr'><strong>cleochares</strong></span> <span class='ocrx_word' id='word_1_113' title='bbox 1145 2370 1256 2451; x_wconf 88' lang='lat' dir='ltr'><strong>spado,</strong></span> 
     </span>
     <span class='ocr_line' id='line_1_19' title="bbox 0 2474 1255 2568; baseline -0.018 -16"><span class='ocrx_word' id='word_1_114' title='bbox 0 2492 179 2539; x_wconf 53' lang='lat' dir='ltr'><strong>aaaau.</strong></span> <span class='ocrx_word' id='word_1_115' title='bbox 198 2489 252 2568; x_wconf 88' lang='lat' dir='ltr'><strong>qui</strong></span> <span class='ocrx_word' id='word_1_116' title='bbox 280 2485 424 2567; x_wconf 87' lang='lat' dir='ltr'><strong>praesidii</strong></span> <span class='ocrx_word' id='word_1_117' title='bbox 451 2504 542 2548; x_wconf 89' lang='lat' dir='ltr'><strong>causa</strong></span> <span class='ocrx_word' id='word_1_118' title='bbox 569 2493 747 2566; x_wconf 89' lang='lat' dir='ltr'><strong>praeerant,</strong></span> <span class='ocrx_word' id='word_1_119' title='bbox 781 2482 944 2563; x_wconf 85' lang='lat' dir='ltr'><strong>expilatam</strong></span> <span class='ocrx_word' id='word_1_120' title='bbox 971 2484 1064 2557; x_wconf 89' lang='lat' dir='ltr'><strong>atque</strong></span> <span class='ocrx_word' id='word_1_121' title='bbox 1092 2474 1255 2535; x_wconf 88' lang='lat' dir='ltr'><strong>incensam</strong></span> 
     </span>
     <span class='ocr_line' id='line_1_20' title="bbox 198 2568 1256 2667; baseline -0.019 -18"><span class='ocrx_word' id='word_1_122' title='bbox 198 2589 397 2667; x_wconf 86' lang='lat' dir='ltr'><strong>reliquerunt.</strong></span> <span class='ocrx_word' id='word_1_123' title='bbox 442 2586 588 2647; x_wconf 85' lang='lat' dir='ltr'><strong>Lucullus</strong></span> <span class='ocrx_word' id='word_1_124' title='bbox 621 2588 802 2648; x_wconf 88' lang='lat' dir='ltr'><strong>miserorum</strong></span> <span class='ocrx_word' id='word_1_125' title='bbox 831 2582 962 2644; x_wconf 91' lang='lat' dir='ltr'><strong>hostium</strong></span> <span class='ocrx_word' id='word_1_126' title='bbox 991 2576 1137 2640; x_wconf 86' lang='lat' dir='ltr'><strong>intestina</strong></span> <span class='ocrx_word' id='word_1_127' title='bbox 1163 2568 1256 2631; x_wconf 88' lang='lat' dir='ltr'><strong>clade</strong></span> 
     </span>
     <span class='ocr_line' id='line_1_21' title="bbox 198 2670 1254 2767; baseline -0.018 -19"><span class='ocrx_word' id='word_1_128' title='bbox 198 2694 370 2767; x_wconf 88' lang='lat' dir='ltr'><strong>permotus,</strong></span> <span class='ocrx_word' id='word_1_129' title='bbox 403 2683 497 2747; x_wconf 84' lang='lat' dir='ltr'><strong>celeri</strong></span> <span class='ocrx_word' id='word_1_130' title='bbox 531 2701 662 2747; x_wconf 88' lang='lat' dir='ltr'><strong>occursu</strong></span> <span class='ocrx_word' id='word_1_131' title='bbox 694 2685 862 2745; x_wconf 89' lang='lat' dir='ltr'><strong>immissum</strong></span> <span class='ocrx_word' id='word_1_132' title='bbox 894 2678 1038 2741; x_wconf 86' lang='lat' dir='ltr'><strong>restinxit</strong></span> <span class='ocrx_word' id='word_1_133' title='bbox 1064 2670 1254 2737; x_wconf 79' lang='lat' dir='ltr'><strong>incendium.</strong></span> 
     </span>
     <span class='ocr_line' id='line_1_22' title="bbox 199 2769 1256 2861; baseline -0.017 -13"><span class='ocrx_word' id='word_1_134' title='bbox 199 2787 244 2849; x_wconf 93' lang='lat' dir='ltr'><strong>lta</strong></span> <span class='ocrx_word' id='word_1_135' title='bbox 266 2788 377 2849; x_wconf 90' lang='lat' dir='ltr'><strong>misera</strong></span> <span class='ocrx_word' id='word_1_136' title='bbox 404 2785 538 2861; x_wconf 74' lang='lat' dir='ltr'><strong>civitas,</strong></span> <span class='ocrx_word' id='word_1_137' title='bbox 556 2801 645 2847; x_wconf 90' lang='lat' dir='ltr'><strong>versa</strong></span> <span class='ocrx_word' id='word_1_138' title='bbox 667 2786 737 2848; x_wconf 89' lang='lat' dir='ltr'><strong>vice</strong></span> <span class='ocrx_word' id='word_1_139' title='bbox 758 2783 891 2845; x_wconf 91' lang='lat' dir='ltr'><strong>hostium</strong></span> <span class='ocrx_word' id='word_1_140' title='bbox 913 2780 1147 2854; x_wconf 86' lang='lat' dir='ltr'><strong>sociorumque,</strong></span> <span class='ocrx_word' id='word_1_141' title='bbox 1168 2769 1256 2831; x_wconf 90' lang='lat' dir='ltr'><strong>unde</strong></span> 
     </span>
     <span class='ocr_line' id='line_1_23' title="bbox 200 2876 1256 2964; baseline -0.019 -15"><span class='ocrx_word' id='word_1_142' title='bbox 200 2885 409 2961; x_wconf 85' lang='lat' dir='ltr'><strong>defendenda,</strong></span> <span class='ocrx_word' id='word_1_143' title='bbox 432 2883 614 2964; x_wconf 88' lang='lat' dir='ltr'><strong>disperdita,</strong></span> <span class='ocrx_word' id='word_1_144' title='bbox 638 2891 670 2946; x_wconf 91' lang='lat' dir='ltr'><strong>et</strong></span> <span class='ocrx_word' id='word_1_145' title='bbox 691 2883 774 2945; x_wconf 89' lang='lat' dir='ltr'><strong>unde</strong></span> <span class='ocrx_word' id='word_1_146' title='bbox 796 2879 1016 2962; x_wconf 88' lang='lat' dir='ltr'><strong>disperdenda,</strong></span> <span class='ocrx_word' id='word_1_147' title='bbox 1050 2879 1171 2939; x_wconf 85' lang='lat' dir='ltr'><strong>servata</strong></span> <span class='ocrx_word' id='word_1_148' title='bbox 1197 2876 1256 2931; x_wconf 79' lang='lat' dir='ltr'><strong>est</strong></span> 
     </span>
     <span class='ocr_line' id='line_1_24' title="bbox 183 2976 1255 3071; baseline -0.017 -22"><span class='ocrx_word' id='word_1_149' title='bbox 183 2976 242 3071; x_wconf 74' lang='lat' dir='ltr'><strong>lAt</strong></span> <span class='ocrx_word' id='word_1_150' title='bbox 262 3002 339 3050; x_wconf 89' lang='lat' dir='ltr'><strong>vero</strong></span> <span class='ocrx_word' id='word_1_151' title='bbox 361 2983 398 3047; x_wconf 88' lang='lat' dir='ltr'><strong>M.</strong></span> <span class='ocrx_word' id='word_1_152' title='bbox 420 2983 581 3058; x_wconf 93' lang='lat' dir='ltr'><strong>Lucullus,</strong></span> <span class='ocrx_word' id='word_1_153' title='bbox 605 2985 658 3062; x_wconf 88' lang='lat' dir='ltr'><strong>qui</strong></span> <span class='ocrx_word' id='word_1_154' title='bbox 682 2984 808 3045; x_wconf 83' lang='lat' dir='ltr'><strong>Curioni</strong></span> <span class='ocrx_word' id='word_1_155' title='bbox 829 2983 863 3043; x_wconf 93' lang='lat' dir='ltr'><strong>in</strong></span> <span class='ocrx_word' id='word_1_156' title='bbox 883 2978 1063 3042; x_wconf 86' lang='lat' dir='ltr'><strong>Macedonia</strong></span> <span class='ocrx_word' id='word_1_157' title='bbox 1084 2986 1255 3037; x_wconf 88' lang='lat' dir='ltr'><strong>successe·</strong></span> 
     </span>
     <span class='ocr_line' id='line_1_25' title="bbox 200 3073 1257 3165; baseline -0.019 -16"><span class='ocrx_word' id='word_1_158' title='bbox 200 3094 258 3165; x_wconf 88' lang='lat' dir='ltr'><strong>rat,</strong></span> <span class='ocrx_word' id='word_1_159' title='bbox 281 3091 373 3147; x_wconf 90' lang='lat' dir='ltr'><strong>totam</strong></span> <span class='ocrx_word' id='word_1_160' title='bbox 394 3082 555 3145; x_wconf 86' lang='lat' dir='ltr'><strong>Bessorum</strong></span> <span class='ocrx_word' id='word_1_161' title='bbox 577 3090 702 3165; x_wconf 84' lang='lat' dir='ltr'><strong>gentem</strong></span> <span class='ocrx_word' id='word_1_162' title='bbox 720 3077 802 3145; x_wconf 89' lang='lat' dir='ltr'><strong>bello</strong></span> <span class='ocrx_word' id='word_1_163' title='bbox 823 3081 988 3161; x_wconf 88' lang='lat' dir='ltr'><strong>adpetitam</strong></span> <span class='ocrx_word' id='word_1_164' title='bbox 1010 3081 1043 3139; x_wconf 87' lang='lat' dir='ltr'><strong>in</strong></span> <span class='ocrx_word' id='word_1_165' title='bbox 1065 3073 1257 3138; x_wconf 88' lang='lat' dir='ltr'><strong>deditionem</strong></span> 
     </span>
     <span class='ocr_line' id='line_1_26' title="bbox 201 3180 1259 3269; baseline -0.015 -20"><span class='ocrx_word' id='word_1_166' title='bbox 201 3186 327 3267; x_wconf 89' lang='lat' dir='ltr'><strong>recepit.</strong></span> <span class='ocrx_word' id='word_1_167' title='bbox 371 3184 486 3247; x_wconf 88' lang='lat' dir='ltr'><strong>Eodem</strong></span> <span class='ocrx_word' id='word_1_168' title='bbox 518 3191 655 3264; x_wconf 89' lang='lat' dir='ltr'><strong>tempore</strong></span> <span class='ocrx_word' id='word_1_169' title='bbox 682 3182 839 3259; x_wconf 87' lang='lat' dir='ltr'><strong>Metellus,</strong></span> <span class='ocrx_word' id='word_1_170' title='bbox 869 3180 991 3244; x_wconf 88' lang='lat' dir='ltr'><strong>Siciliae</strong></span> <span class='ocrx_word' id='word_1_171' title='bbox 1017 3182 1156 3257; x_wconf 89' lang='lat' dir='ltr'><strong>praetor,</strong></span> <span class='ocrx_word' id='word_1_172' title='bbox 1183 3187 1259 3269; x_wconf 56' lang='lat' dir='ltr'><strong>vqun</strong></span> 
     </span>
     <span class='ocr_line' id='line_1_27' title="bbox 202 3270 1257 3362; baseline -0.017 -13"><span class='ocrx_word' id='word_1_173' title='bbox 202 3286 377 3349; x_wconf 80' lang='lat' dir='ltr'><strong>foedissima</strong></span> <span class='ocrx_word' id='word_1_174' title='bbox 410 3284 462 3346; x_wconf 85' lang='lat' dir='ltr'><strong>illa</strong></span> <span class='ocrx_word' id='word_1_175' title='bbox 495 3282 526 3346; x_wconf 81' lang='lat' dir='ltr'><strong>C.</strong></span> <span class='ocrx_word' id='word_1_176' title='bbox 553 3283 658 3345; x_wconf 89' lang='lat' dir='ltr'><strong>Verris</strong></span> <span class='ocrx_word' id='word_1_177' title='bbox 686 3289 829 3362; x_wconf 87' lang='lat' dir='ltr'><strong>praetura</strong></span> <span class='ocrx_word' id='word_1_178' title='bbox 857 3280 992 3345; x_wconf 88' lang='lat' dir='ltr'><strong>Siciliam</strong></span> <span class='ocrx_word' id='word_1_179' title='bbox 1021 3276 1172 3339; x_wconf 86' lang='lat' dir='ltr'><strong>adflictam</strong></span> <span class='ocrx_word' id='word_1_180' title='bbox 1202 3270 1257 3332; x_wconf 92' lang='lat' dir='ltr'><strong>in-</strong></span> 
     </span>
     <span class='ocr_line' id='line_1_28' title="bbox 192 3371 1259 3465; baseline -0.013 -20"><span class='ocrx_word' id='word_1_181' title='bbox 192 3388 357 3462; x_wconf 47' lang='lat' dir='ltr'><strong>¹iacuisset,</strong></span> <span class='ocrx_word' id='word_1_182' title='bbox 390 3384 520 3445; x_wconf 83' lang='lat' dir='ltr'><strong>maxime</strong></span> <span class='ocrx_word' id='word_1_183' title='bbox 553 3384 744 3465; x_wconf 79' lang='lat' dir='ltr'><strong>Pyrganione</strong></span> <span class='ocrx_word' id='word_1_184' title='bbox 771 3381 953 3460; x_wconf 87' lang='lat' dir='ltr'><strong>archipirata</strong></span> <span class='ocrx_word' id='word_1_185' title='bbox 980 3376 1108 3439; x_wconf 82' lang='lat' dir='ltr'><strong>nefariis</strong></span> <span class='ocrx_word' id='word_1_186' title='bbox 1134 3371 1259 3454; x_wconf 86' lang='lat' dir='ltr'><strong>praedis</strong></span> 
     </span>
     <span class='ocr_line' id='line_1_29' title="bbox 203 3470 1259 3565; baseline -0.014 -18"><span class='ocrx_word' id='word_1_187' title='bbox 203 3492 235 3547; x_wconf 90' lang='lat' dir='ltr'><strong>et</strong></span> <span class='ocrx_word' id='word_1_188' title='bbox 261 3484 407 3545; x_wconf 89' lang='lat' dir='ltr'><strong>caedibus</strong></span> <span class='ocrx_word' id='word_1_189' title='bbox 434 3482 636 3565; x_wconf 86' lang='lat' dir='ltr'><strong>dilacerante,</strong></span> <span class='ocrx_word' id='word_1_190' title='bbox 668 3484 722 3563; x_wconf 87' lang='lat' dir='ltr'><strong>qui</strong></span> <span class='ocrx_word' id='word_1_191' title='bbox 750 3482 836 3563; x_wconf 90' lang='lat' dir='ltr'><strong>pulsa</strong></span> <span class='ocrx_word' id='word_1_192' title='bbox 864 3479 962 3541; x_wconf 91' lang='lat' dir='ltr'><strong>classe</strong></span> <span class='ocrx_word' id='word_1_193' title='bbox 988 3476 1125 3538; x_wconf 87' lang='lat' dir='ltr'><strong>Romana</strong></span> <span class='ocrx_word' id='word_1_194' title='bbox 1158 3470 1259 3551; x_wconf 76' lang='lat' dir='ltr'><strong>Syra-</strong></span> 
     </span>
     <span class='ocr_line' id='line_1_30' title="bbox 31 3572 1262 3704; baseline -0.015 -55"><span class='ocrx_word' id='word_1_195' title='bbox 31 3660 54 3704; x_wconf 37' lang='grc' dir='ltr'><em>Δ</em></span> <span class='ocrx_word' id='word_1_196' title='bbox 80 3665 84 3679; x_wconf 36' lang='grc' dir='ltr'>Ι</span> <span class='ocrx_word' id='word_1_197' title='bbox 141 3656 167 3687; x_wconf 40' lang='lat' dir='ltr'>NJ</span> <span class='ocrx_word' id='word_1_198' title='bbox 203 3600 349 3647; x_wconf 92' lang='lat' dir='ltr'><strong>cusanum</strong></span> <span class='ocrx_word' id='word_1_199' title='bbox 372 3587 491 3663; x_wconf 89' lang='lat' dir='ltr'><strong>portum</strong></span> <span class='ocrx_word' id='word_1_200' title='bbox 514 3582 700 3658; x_wconf 87' lang='lat' dir='ltr'><strong>obtinuerat,</strong></span> <span class='ocrx_word' id='word_1_201' title='bbox 723 3600 815 3661; x_wconf 89' lang='lat' dir='ltr'><strong>quem</strong></span> <span class='ocrx_word' id='word_1_202' title='bbox 838 3597 910 3641; x_wconf 86' lang='lat' dir='ltr'><strong>mox</strong></span> <span class='ocrx_word' id='word_1_203' title='bbox 931 3576 1032 3639; x_wconf 90' lang='lat' dir='ltr'><strong>navali</strong></span> <span class='ocrx_word' id='word_1_204' title='bbox 1054 3572 1262 3650; x_wconf 86' lang='lat' dir='ltr'><strong>terrestrique</strong></span> 
     </span>
     <span class='ocr_line' id='line_1_31' title="bbox 5 3659 1261 3767; baseline -0.013 -21"><span class='ocrx_word' id='word_1_205' title='bbox 5 3670 178 3759; x_wconf 59' lang='grc' dir='ltr'><strong>,,”,,,,ζ,”ῗ“;·“ξ,’</strong></span> <span class='ocrx_word' id='word_1_206' title='bbox 204 3681 290 3767; x_wconf 86' lang='grc'>[377]</span> <span class='ocrx_word' id='word_1_207' title='bbox 313 3682 428 3762; x_wconf 90' lang='lat' dir='ltr'><strong>praelia</strong></span> <span class='ocrx_word' id='word_1_208' title='bbox 444 3684 675 3758; x_wconf 85' lang='lat' dir='ltr'><strong>comminutum,</strong></span> <span class='ocrx_word' id='word_1_209' title='bbox 692 3681 795 3742; x_wconf 89' lang='lat' dir='ltr'><strong>Sicilia</strong></span> <span class='ocrx_word' id='word_1_210' title='bbox 810 3679 962 3742; x_wconf 88' lang='lat' dir='ltr'><strong>decedere</strong></span> <span class='ocrx_word' id='word_1_211' title='bbox 978 3659 1147 3757; x_wconf 63' lang='lat' dir='ltr'><strong>compulit}</strong></span> <span class='ocrx_word' id='word_1_212' title='bbox 1161 3672 1261 3732; x_wconf 89' lang='lat' dir='ltr'><strong>Prae-</strong></span> 
     </span>
     <span class='ocr_line' id='line_1_32' title="bbox 6 3769 1264 3875; baseline -0.013 -29"><span class='ocrx_word' id='word_1_213' title='bbox 6 3776 170 3875; x_wconf 33' lang='lat'><strong>⁸22⁸&amp;</strong></span> <span class='ocrx_word' id='word_1_214' title='bbox 203 3790 288 3845; x_wconf 88' lang='lat' dir='ltr'><strong>terea</strong></span> <span class='ocrx_word' id='word_1_215' title='bbox 314 3780 475 3858; x_wconf 89' lang='lat' dir='ltr'><strong>Lucullus,</strong></span> <span class='ocrx_word' id='word_1_216' title='bbox 509 3789 717 3860; x_wconf 82' lang='lat' dir='ltr'><strong>transgressus</strong></span> <span class='ocrx_word' id='word_1_217' title='bbox 744 3778 928 3857; x_wconf 89' lang='lat' dir='ltr'><strong>Euphratem</strong></span> <span class='ocrx_word' id='word_1_218' title='bbox 956 3783 987 3838; x_wconf 91' lang='lat' dir='ltr'><strong>et</strong></span> <span class='ocrx_word' id='word_1_219' title='bbox 1013 3770 1163 3855; x_wconf 59' lang='lat' dir='ltr'><strong>Tigrim)</strong></span> <span class='ocrx_word' id='word_1_220' title='bbox 1178 3769 1264 3849; x_wconf 81' lang='lat' dir='ltr'><strong>apud</strong></span> 
     </span>
     <span class='ocr_line' id='line_1_33' title="bbox 8 3874 1264 3957; baseline -0.008 -16"><span class='ocrx_word' id='word_1_221' title='bbox 8 3912 17 3934; x_wconf 79' lang='lat'><strong>··</strong></span> <span class='ocrx_word' id='word_1_222' title='bbox 86 3890 125 3934; x_wconf 59' lang='lat' dir='ltr'><strong>a,</strong></span> <span class='ocrx_word' id='word_1_223' title='bbox 139 3876 188 3953; x_wconf 50' lang='grc' dir='ltr'><strong>ἐκ,</strong></span> <span class='ocrx_word' id='word_1_224' title='bbox 204 3880 449 3957; x_wconf 82' lang='lat' dir='ltr'><strong>Tigranocertam</strong></span> <span class='ocrx_word' id='word_1_225' title='bbox 466 3880 573 3941; x_wconf 92' lang='lat' dir='ltr'><strong>urbem</strong></span> <span class='ocrx_word' id='word_1_226' title='bbox 590 3895 658 3939; x_wconf 88' lang='lat' dir='ltr'><strong>eum</strong></span> <span class='ocrx_word' id='word_1_227' title='bbox 674 3874 847 3937; x_wconf 87' lang='lat' dir='ltr'><strong>Mithridate</strong></span> <span class='ocrx_word' id='word_1_228' title='bbox 864 3884 896 3938; x_wconf 90' lang='lat' dir='ltr'><strong>et</strong></span> <span class='ocrx_word' id='word_1_229' title='bbox 909 3878 1044 3957; x_wconf 81' lang='lat' dir='ltr'><strong>Tigrane</strong></span> <span class='ocrx_word' id='word_1_230' title='bbox 1060 3887 1264 3953; x_wconf 80' lang='lat' dir='ltr'><strong>congressus,</strong></span> 
     </span>
    </p>
   </div>
   <div class='ocr_carea' id='block_1_11' title="bbox 2 3962 1263 4079">
    <p class='ocr_par' dir='ltr' id='par_1_11' title="bbox 2 3962 1263 4079">
     <span class='ocr_line' id='line_1_34' title="bbox 2 3962 1263 4079; baseline -0.006 -40"><span class='ocrx_word' id='word_1_231' title='bbox 2 3962 180 4079; x_wconf 36' lang='lat'><strong>{⁸33⁸</strong></span> <span class='ocrx_word' id='word_1_232' title='bbox 205 3978 383 4069; x_wconf 84' lang='lat' dir='ltr'><strong>parvissima</strong></span> <span class='ocrx_word' id='word_1_233' title='bbox 404 3996 529 4041; x_wconf 90' lang='lat' dir='ltr'><strong>suorum</strong></span> <span class='ocrx_word' id='word_1_234' title='bbox 552 3993 644 4039; x_wconf 91' lang='lat' dir='ltr'><strong>manu</strong></span> <span class='ocrx_word' id='word_1_235' title='bbox 667 3992 809 4056; x_wconf 81' lang='lat' dir='ltr'><strong>magnum</strong></span> <span class='ocrx_word' id='word_1_236' title='bbox 831 3976 964 4039; x_wconf 88' lang='lat' dir='ltr'><strong>hostium</strong></span> <span class='ocrx_word' id='word_1_237' title='bbox 987 3990 1151 4036; x_wconf 92' lang='lat' dir='ltr'><strong>numerum</strong></span> <span class='ocrx_word' id='word_1_238' title='bbox 1170 3970 1263 4033; x_wconf 85' lang='lat' dir='ltr'><strong>occi·</strong></span> 
     </span>
    </p>
   </div>
   <div class='ocr_carea' id='block_1_12' title="bbox 0 0 1342 4434">
    <p class='ocr_par' dir='ltr' id='par_1_12' title="bbox 0 0 1342 4434">
     <span class='ocr_line' id='line_1_35' title="bbox 0 0 1342 4434; baseline 0 0"><span class='ocrx_word' id='word_1_239' title='bbox 0 0 1342 4434; x_wconf 95' lang='lat' dir='ltr'><strong> </strong></span> 
     </span>
    </p>
   </div>
  </div>
 </body>
</html>
