2634 4434
724 303 806 371 22·

643 400 850 414 un———u——t

220 549 307 624 gesta
330 538 520 620 conscripsit,
541 536 673 618 primum
694 535 755 598 fide
774 535 842 615 ejus
858 541 951 616 atque
966 534 1159 615 comunitate,
1182 557 1265 618 quan
1303 536 1304 541 ’

221 644 310 704 etlam
327 641 377 702 isti
399 637 538 720 probant,
561 637 865 719 borum-ignorantia
886 634 1056 716 'supplenda
1078 620 1139 702 est‘:
1161 639 1266 700 debinc
1303 642 1304 713 J

219 741 412 805 sacerdotum
435 739 656 821 Aegyptiorum
680 735 774 798 fallax
795 736 909 809 malitia
931 736 1116 800 confutanda
1139 745 1197 817 cst,
1219 740 1266 818 qui
1303 754 1304 783 ὲ

217 843 268 906 vel
291 849 369 917 astu,
393 840 476 921 quod
499 837 691 900 manifestius
713 841 769 913 est,
793 837 969 910 evidentem
991 838 1067 900 iram
1090 841 1265 902 misericor-

218 945 361 1021 diemque
381 941 449 1002 veri
470 939 530 1002 Dei
552 938 698 1000 memoria
719 937 901 1000 subtrahere
926 939 1028 1000 conati
1055 947 1144 1017 suot,
1171 941 1264 1019 parti-

218 1043 340 1106 culatim
365 1040 557 1120 expositione
580 1037 792 1115 confusam
821 1039 853 1098 in
880 1038 1095 1100 contumeliam
1119 1040 1265 1103 idolorum
1303 1112 1304 1117 γ

216 1161 341 1207 suorum
365 1159 435 1204 eum
458 1139 620 1201 colendum
645 1140 754 1201 merito
782 1139 997 1216 ostenderent,
1024 1142 1113 1221 cujus
1139 1141 1265 1202 consilio
1303 1128 1304 1165 ³

216 1243 393 1307 adnuntiata
420 1241 497 1304 baec
524 1238 602 1300 mala
632 1245 665 1300 et
697 1239 812 1300 auxilio
846 1241 960 1303 evitata
992 1241 1185 1316 docuissent3
1218 1241 1263 1302 vel
1303 1224 1304 1273 1

214 1343 310 1421 forte,
333 1349 367 1404 ut
389 1341 606 1423 indulgentius·
621 1339 821 1419 accipiamus,
844 1341 932 1402 obliti
953 1348 1033 1403 sunt.
1078 1341 1164 1404 lllius
1186 1343 1262 1406 enim
1303 1334 1304 1421 f

214 1444 312 1508 nostri
338 1441 468 1522 loseph,
503 1442 557 1522 qni
584 1439 643 1502 luit
669 1441 738 1503 veri
765 1440 822 1501 [lei
850 1458 975 1517 servus,
998 1449 1030 1503 et
1051 1459 1106 1522 pro
1128 1450 1263 1504 creatura
1303 1442 1304 1525 j

215 1544 329 1607 domini
352 1544 472 1622 sulpic
494 1543 677 1622 intenteque
699 1540 865 1618 sollicitus,
885 1542 1062 1620 provisione
1082 1543 1140 1622 ipsi
1162 1543 1261 1604 abun·
1303 1530 1304 1609 ἶ

213 1645 326 1709 dabant
345 1642 485 1724 lnvgibus
508 1643 595 1722 quasi
616 1642 807 1706 sacerdotes:
827 1642 883 1704 sed
906 1643 977 1721 quia
1000 1641 1069 1704 lalsi
1090 1644 1262 1706 sacerdotes
1303 1626 1304 1705 s

212 1753 314 1823 erant,
352 1763 421 1806 curn
459 1743 591 1804 caeteris
622 1743 831 1804 esurientibus
863 1759 925 1804 non
958 1742 1111 1807 dolebant.
1154 1743 1261 1806 linim-

211 1861 287 1908 vero
313 1845 364 1906 cui
390 1843 505 1922 placet,
528 1841 735 1904 obliviscitur:
760 1843 811 1903 coi
833 1842 931 1920 dolet,
954 1846 1100 1907 meminit.
1145 1846 1261 1918 Quom·
1303 1842 1304 1891 l

212 1963 302 2026 quarn
326 1945 416 2025 liujus
438 1943 583 2022 temporis
605 1949 819 2023 argumentum
846 1942 981 2004 historiis
1009 1943 1157 2024 fastisque
1183 1947 1260 2008 reti·
1303 1990 1304 1997 ι

211 2043 278 2127 [50]
308 2043 464 2120 centibus,
492 2044 557 2123 ipsa
584 2042 643 2105 sibi
676 2048 757 2104 terra
790 2042 923 2124 Aegypti
956 2045 1043 2106 testis
1075 2048 1261 2125 pronuntiat:
1303 2056 1304 2061 ’

210 2165 291 2226 quae
314 2152 387 2207 tuno
409 2144 533 2207 redacta
552 2144 587 2204 in
609 2147 789 2223 potestatem
812 2144 939 2225 regiam,
965 2147 1168 2226 restitutaque
1190 2147 1258 2209 cul·
1303 2162 1304 2169 ¹

209 2245 327 2328 toribus
354 2245 434 2323 suis,
462 2245 612 2308 exomni
640 2242 742 2305 lructu
770 2245 827 2306 'suo
849 2246 1008 2324 usquead
1031 2263 1114 2330 niuno
1136 2249 1260 2327 quintae
1303 2274 1304 2329 3

208 2348 303 2428 partis
325 2345 510 2408 incessabile
532 2343 666 2425 vectigal
688 2344 828 2408 exsolvit
872 2345 940 2407 Fuit
955 2347 1059 2425 itaque
1073 2345 1150 2408 baec
1165 2347 1261 2410 lanes

207 2465 317 2530 magna
339 2446 397 2510 sub
424 2464 501 2528 rege
527 2443 749 2536 Aegyptiorum
778 2446 947 2525 Diapolita,
976 2448 1027 2508 oui
1054 2465 1168 2515 nomen
1196 2456 1261 2511 erat

207 2548 338 2625 Amasis,
362 2566 423 2628 quo
446 2555 584 2626 tempore
598 2545 710 2608 Baleus
732 2545 887 2626 Assyrios,
910 2545 1043 2628 Argivos
1065 2550 1141 2628 Apis
1161 2567 1259 2631 rege-

206 2647 266 2710 bat.
310 2647 447 2709 llnerunt
468 2635 659 2708 ante'annos
682 2643 771 2706 lamis
797 2653 931 2726 septem,
960 2649 1182 2728 praecedentes
1207 2651 1261 2714 alii

205 2757 323 2830 septem
352 2747 500 2809 ubertatis
533 2747 621 2809 anni:
667 2763 798 2826 quorum
826 2747 1014 2810 affluentiam
1041 2755 1125 2812 tanto
1152 2753 1260 2832 negli-
1303 2732 1304 2751 ³

204 2853 329 2931 gentius
356 2849 537 2928 perituram,
572 2847 686 2926 quanto
715 2847 842 2909 uberius
868 2854 985 2927 namur,
1011 2849 1126 2930 losepb
1154 2861 1261 2916 noster

81 2992 85 2998 -
185 2950 328 3014 solertia
350 2967 406 3010 sua
429 2948 563 3029 collegit,
587 2955 618 3010 et
640 2948 786 3026 condidit,
809 2947 1152 3032 totamqucdegyptum
1175 2971 1257 3016 con·
1303 2978 1304 2985 ι

203 3051 345 3114 servavit.
390 3049 565 3129 Adquisivit
586 3049 762 3110 universam
784 3048 932 3111 Pharaoni
955 3053 1116 3130 pecuniam
1139 3061 1172 3116 et
1190 3055 1259 3118 Deo
1303 3066 1304 3073 ’

202 3152 348 3233 gloriam,
381 3149 529 3227 reddens,
563 3149 791 3229 dispensatione
820 3148 1003 3230 justissima,
1033 3154 1084 3214 cui
1111 3156 1256 3236 vectigal,

201 3252 333 3332 vectigal
341 3233 544 3327 ;'bonorero,
572 3247 735 3312 honorem:
765 3251 965 3332 omniumque
990 3271 1117 3334 pecora,
1145 3262 1255 3333 terras,

202 3369 377 3432 censusque
400 3350 539 3432 collegit:
563 3351 644 3430 ipsos
667 3358 781 3428 autern,
804 3353 858 3432 qui
880 3338 979 3415 semet
998 3373 1067 3416 curn
1084 3355 1256 3420 terrissuis

200 3453 398 3533 accipiendae
424 3453 511 3532 stipis
544 3453 700 3515 taxatione
732 3453 949 3532 vendiderant,
981 3461 1094 3517 statuta
1127 3457 1256 3536 quintae

199 3555 297 3635 partis·
315 3554 456 3633 pactione
478 3552 606 3616 laxavit:
631 3552 720 3614 Hunc
740 3550 865 3633 loseph,
889 3572 980 3634 quero
996 3557 1155 3618 constituit
1169 3558 1256 3620 Deus

198 3655 360 3737 Aegyptiis
382 3661 582 3716 conservatae
603 3651 711 3715 salotis
732 3659 905 3731 auctorem,
934 3657 1003 3735 quis
1029 3657 1135 3718 credat
1156 3659 1199 3720 ita
1220 3661 1256 3721 in
1303 3679 1304 3682 ¹

197 3754 284 3816 brevi
309 3771 414 3817 eorum
438 3753 591 3816 excidisse
613 3753 791 3832 memoriae,
813 3759 847 3814 ut
868 3753 947 3818 tilios
969 3757 1037 3837 ejus
1059 3763 1153 3836 atque
1175 3761 1255 3821 uni·
1303 3794 1304 3797 =

197 3871 315 3916 versam
339 3855 553 3936 cognationem
575 3852 678 3931 paullo
699 3861 770 3934 post
789 3855 918 3916 servitio
939 3855 1143 3935 addixerint,
1158 3858 1254 3922 labo-

197 3950 264 4036 [bl]
279 3954 365 4017 ribus
380 3952 565 4030 addixerint,
581 3953 845 4018 internecionibus
858 3953 1069 4036 profligarint?
1087 3959 1254 4032 Quamob-
