<?xml version="1.0" encoding="UTF-8"?>
<!DOCTYPE html PUBLIC "-//W3C//DTD XHTML 1.0 Transitional//EN"
    "http://www.w3.org/TR/xhtml1/DTD/xhtml1-transitional.dtd">
<html xmlns="http://www.w3.org/1999/xhtml" xml:lang="en" lang="en">
 <head>
  <title>
</title>
<meta http-equiv="Content-Type" content="text/html;charset=utf-8" />
  <meta name='ocr-system' content='tesseract 3.04.00' />
  <meta name='ocr-capabilities' content='ocr_page ocr_carea ocr_par ocr_line ocrx_word'/>
</head>
<body>
  <div class='ocr_page' id='page_1' title='image "./pauliorosiipres00havegoog_0189.png"; bbox 0 0 2634 4434; ppageno 0'>
   <div class='ocr_carea' id='block_1_1' title="bbox 665 298 736 367">
    <p class='ocr_par' dir='ltr' id='par_1_1' title="bbox 665 298 736 367">
     <span class='ocr_line' id='line_1_1' title="bbox 665 298 736 367; baseline 0.028 -2"><span class='ocrx_word' id='word_1_1' title='bbox 665 298 736 367; x_wconf 80' lang='lat'><strong>182</strong></span> 
     </span>
    </p>
   </div>
   <div class='ocr_carea' id='block_1_2' title="bbox 599 396 803 407">
    <p class='ocr_par' dir='ltr' id='par_1_2' title="bbox 599 396 803 407">
     <span class='ocr_line' id='line_1_2' title="bbox 599 396 803 407; baseline -0.015 0"><span class='ocrx_word' id='word_1_2' title='bbox 599 396 803 407; x_wconf 73' lang='grc'><em>...---.---</em></span> 
     </span>
    </p>
   </div>
   <div class='ocr_carea' id='block_1_3' title="bbox 163 530 1227 3425">
    <p class='ocr_par' dir='ltr' id='par_1_3' title="bbox 163 530 1227 3425">
     <span class='ocr_line' id='line_1_3' title="bbox 171 530 1226 615; baseline -0.007 -14"><span class='ocrx_word' id='word_1_3' title='bbox 171 543 363 607; x_wconf 84' lang='lat' dir='ltr'><strong>terrerentur</strong></span> <span class='ocrx_word' id='word_1_4' title='bbox 386 531 541 615; x_wconf 74' lang='lat' dir='ltr'><strong>(abscissis</strong></span> <span class='ocrx_word' id='word_1_5' title='bbox 563 533 644 599; x_wconf 86' lang='lat' dir='ltr'><strong>enin</strong></span> <span class='ocrx_word' id='word_1_6' title='bbox 671 550 741 593; x_wconf 91' lang='lat' dir='ltr'><strong>cum</strong></span> <span class='ocrx_word' id='word_1_7' title='bbox 763 531 850 595; x_wconf 86' lang='lat' dir='ltr'><strong>crine</strong></span> <span class='ocrx_word' id='word_1_8' title='bbox 872 530 1043 595; x_wconf 89' lang='lat' dir='ltr'><strong>verticibus</strong></span> <span class='ocrx_word' id='word_1_9' title='bbox 1065 530 1226 597; x_wconf 86' lang='lat' dir='ltr'><strong>inhonesto</strong></span> 
     </span>
     <span class='ocr_line' id='line_1_4' title="bbox 171 629 1227 715; baseline -0.006 -14"><span class='ocrx_word' id='word_1_10' title='bbox 171 640 245 704; x_wconf 88' lang='lat' dir='ltr'><strong>satis</strong></span> <span class='ocrx_word' id='word_1_11' title='bbox 260 636 389 701; x_wconf 87' lang='lat' dir='ltr'><strong>vnlnere</strong></span> <span class='ocrx_word' id='word_1_12' title='bbox 407 643 510 715; x_wconf 88' lang='lat' dir='ltr'><strong>turpes</strong></span> <span class='ocrx_word' id='word_1_13' title='bbox 524 629 792 713; x_wconf 69' lang='lat' dir='ltr'><strong>relinquebantur)</strong></span> <span class='ocrx_word' id='word_1_14' title='bbox 814 630 941 709; x_wconf 84' lang='lat' dir='ltr'><strong>ferrum,</strong></span> <span class='ocrx_word' id='word_1_15' title='bbox 964 632 1047 712; x_wconf 90' lang='lat' dir='ltr'><strong>quod</strong></span> <span class='ocrx_word' id='word_1_16' title='bbox 1069 633 1102 694; x_wconf 91' lang='lat' dir='ltr'><strong>in</strong></span> <span class='ocrx_word' id='word_1_17' title='bbox 1124 632 1227 695; x_wconf 88' lang='lat' dir='ltr'><strong>hostes</strong></span> 
     </span>
     <span class='ocr_line' id='line_1_5' title="bbox 172 730 1224 813; baseline -0.007 -11"><span class='ocrx_word' id='word_1_18' title='bbox 172 743 361 813; x_wconf 71' lang='lat' dir='ltr'><strong>sumserunt,</strong></span> <span class='ocrx_word' id='word_1_19' title='bbox 383 738 414 797; x_wconf 93' lang='lat' dir='ltr'><strong>in</strong></span> <span class='ocrx_word' id='word_1_20' title='bbox 437 752 471 797; x_wconf 89' lang='lat' dir='ltr'><strong>se</strong></span> <span class='ocrx_word' id='word_1_21' title='bbox 499 752 634 813; x_wconf 87' lang='lat' dir='ltr'><strong>suosque</strong></span> <span class='ocrx_word' id='word_1_22' title='bbox 662 739 831 798; x_wconf 82' lang='lat' dir='ltr'><strong>verterunt.</strong></span> <span class='ocrx_word' id='word_1_23' title='bbox 873 730 1014 811; x_wconf 82' lang='lat' dir='ltr'><strong>Namque</strong></span> <span class='ocrx_word' id='word_1_24' title='bbox 1039 732 1119 796; x_wconf 85' lang='lat' dir='ltr'><strong>aliae</strong></span> <span class='ocrx_word' id='word_1_25' title='bbox 1146 752 1224 795; x_wconf 90' lang='lat' dir='ltr'><strong>con-</strong></span> 
     </span>
     <span class='ocr_line' id='line_1_6' title="bbox 172 832 1226 917; baseline -0.009 -13"><span class='ocrx_word' id='word_1_26' title='bbox 172 856 265 905; x_wconf 87' lang='lat' dir='ltr'><strong>cursu</strong></span> <span class='ocrx_word' id='word_1_27' title='bbox 287 844 393 899; x_wconf 89' lang='lat' dir='ltr'><strong>mutuo</strong></span> <span class='ocrx_word' id='word_1_28' title='bbox 410 835 582 917; x_wconf 77' lang='lat' dir='ltr'>jugulatae,</span> <span class='ocrx_word' id='word_1_29' title='bbox 605 832 685 895; x_wconf 89' lang='lat' dir='ltr'><strong>aliae</strong></span> <span class='ocrx_word' id='word_1_30' title='bbox 706 832 907 915; x_wconf 78' lang='lat' dir='ltr'><strong>adprehensis</strong></span> <span class='ocrx_word' id='word_1_31' title='bbox 929 833 1063 895; x_wconf 86' lang='lat' dir='ltr'><strong>invicem</strong></span> <span class='ocrx_word' id='word_1_32' title='bbox 1086 832 1226 895; x_wconf 85' lang='lat' dir='ltr'><strong>saucibus</strong></span> 
     </span>
     <span class='ocr_line' id='line_1_7' title="bbox 171 933 1223 1019; baseline -0.008 -16"><span class='ocrx_word' id='word_1_33' title='bbox 171 937 396 1019; x_wconf 72' lang='lat' dir='ltr'><strong>strangulatae,</strong></span> <span class='ocrx_word' id='word_1_34' title='bbox 426 936 504 999; x_wconf 86' lang='lat' dir='ltr'><strong>aliae</strong></span> <span class='ocrx_word' id='word_1_35' title='bbox 532 933 658 998; x_wconf 83' lang='lat' dir='ltr'><strong>funibus</strong></span> <span class='ocrx_word' id='word_1_36' title='bbox 685 951 741 1013; x_wconf 91' lang='lat' dir='ltr'><strong>per</strong></span> <span class='ocrx_word' id='word_1_37' title='bbox 767 950 917 1013; x_wconf 86' lang='lat' dir='ltr'><strong>equorum</strong></span> <span class='ocrx_word' id='word_1_38' title='bbox 945 950 1035 996; x_wconf 88' lang='lat' dir='ltr'><strong>crura</strong></span> <span class='ocrx_word' id='word_1_39' title='bbox 1063 935 1223 1011; x_wconf 85' lang='lat' dir='ltr'><strong>consertis,</strong></span> 
     </span>
     <span class='ocr_line' id='line_1_8' title="bbox 171 1033 1225 1121; baseline -0.008 -18"><span class='ocrx_word' id='word_1_40' title='bbox 171 1040 308 1121; x_wconf 88' lang='lat' dir='ltr'><strong>ipsisque</strong></span> <span class='ocrx_word' id='word_1_41' title='bbox 331 1038 480 1101; x_wconf 91' lang='lat' dir='ltr'><strong>continno</strong></span> <span class='ocrx_word' id='word_1_42' title='bbox 501 1034 591 1116; x_wconf 88' lang='lat' dir='ltr'><strong>equis</strong></span> <span class='ocrx_word' id='word_1_43' title='bbox 613 1033 815 1112; x_wconf 84' lang='lat' dir='ltr'><strong>extimulatis,</strong></span> <span class='ocrx_word' id='word_1_44' title='bbox 841 1042 1001 1115; x_wconf 84' lang='lat' dir='ltr'><strong>postquam</strong></span> <span class='ocrx_word' id='word_1_45' title='bbox 1023 1052 1095 1099; x_wconf 89' lang='lat' dir='ltr'><strong>suas</strong></span> <span class='ocrx_word' id='word_1_46' title='bbox 1117 1034 1225 1099; x_wconf 87' lang='lat' dir='ltr'><strong>iisdem</strong></span> 
     </span>
     <span class='ocr_line' id='line_1_9' title="bbox 172 1135 1222 1218; baseline -0.005 -16"><span class='ocrx_word' id='word_1_47' title='bbox 172 1140 315 1217; x_wconf 83' lang='lat' dir='ltr'><strong>funibus,</strong></span> <span class='ocrx_word' id='word_1_48' title='bbox 339 1138 452 1218; x_wconf 91' lang='lat' dir='ltr'><strong>quibus</strong></span> <span class='ocrx_word' id='word_1_49' title='bbox 474 1154 624 1217; x_wconf 90' lang='lat' dir='ltr'><strong>equorum</strong></span> <span class='ocrx_word' id='word_1_50' title='bbox 647 1153 736 1197; x_wconf 89' lang='lat' dir='ltr'><strong>crura</strong></span> <span class='ocrx_word' id='word_1_51' title='bbox 764 1143 952 1213; x_wconf 89' lang='lat' dir='ltr'><strong>nexuerant,</strong></span> <span class='ocrx_word' id='word_1_52' title='bbox 982 1135 1124 1202; x_wconf 81' lang='lat' dir='ltr'><strong>indidere</strong></span> <span class='ocrx_word' id='word_1_53' title='bbox 1151 1153 1222 1197; x_wconf 88' lang='lat' dir='ltr'><strong>cer-</strong></span> 
     </span>
     <span class='ocr_line' id='line_1_10' title="bbox 171 1236 1224 1319; baseline -0.008 -14"><span class='ocrx_word' id='word_1_54' title='bbox 171 1243 271 1317; x_wconf 81' lang='lat' dir='ltr'><strong>vices,</strong></span> <span class='ocrx_word' id='word_1_55' title='bbox 294 1246 465 1319; x_wconf 80' lang='lat' dir='ltr'><strong>protractae</strong></span> <span class='ocrx_word' id='word_1_56' title='bbox 487 1244 581 1317; x_wconf 88' lang='lat' dir='ltr'><strong>atqua</strong></span> <span class='ocrx_word' id='word_1_57' title='bbox 603 1238 797 1300; x_wconf 81' lang='lat' dir='ltr'><strong>exanimatae</strong></span> <span class='ocrx_word' id='word_1_58' title='bbox 824 1244 912 1319; x_wconf 88' lang='lat' dir='ltr'><strong>aunt,</strong></span> <span class='ocrx_word' id='word_1_59' title='bbox 941 1237 1021 1299; x_wconf 91' lang='lat' dir='ltr'><strong>aliae</strong></span> <span class='ocrx_word' id='word_1_60' title='bbox 1046 1238 1160 1317; x_wconf 89' lang='lat' dir='ltr'><strong>laqueo</strong></span> <span class='ocrx_word' id='word_1_61' title='bbox 1186 1236 1224 1298; x_wconf 89' lang='lat' dir='ltr'><strong>de</strong></span> 
     </span>
     <span class='ocr_line' id='line_1_11' title="bbox 170 1336 1223 1418; baseline -0.005 -13"><span class='ocrx_word' id='word_1_62' title='bbox 170 1340 322 1406; x_wconf 83' lang='lat' dir='ltr'><strong>subrectis</strong></span> <span class='ocrx_word' id='word_1_63' title='bbox 344 1338 547 1418; x_wconf 90' lang='lat' dir='ltr'><strong>plaustrorum</strong></span> <span class='ocrx_word' id='word_1_64' title='bbox 571 1336 746 1403; x_wconf 82' lang='lat' dir='ltr'><strong>temonibus</strong></span> <span class='ocrx_word' id='word_1_65' title='bbox 768 1337 990 1417; x_wconf 86' lang='lat' dir='ltr'><strong>pependerunt.</strong></span> <span class='ocrx_word' id='word_1_66' title='bbox 1028 1336 1158 1400; x_wconf 79' lang='lat' dir='ltr'><strong>Inventa</strong></span> <span class='ocrx_word' id='word_1_67' title='bbox 1180 1343 1223 1401; x_wconf 88' lang='lat' dir='ltr'><strong>est</strong></span> 
     </span>
     <span class='ocr_line' id='line_1_12' title="bbox 171 1412 1223 1523; baseline -0.008 -18"><span class='ocrx_word' id='word_1_68' title='bbox 171 1437 259 1523; x_wconf 80' lang='lat'><strong>[331]</strong></span> <span class='ocrx_word' id='word_1_69' title='bbox 282 1440 373 1501; x_wconf 88' lang='lat' dir='ltr'><strong>etiam</strong></span> <span class='ocrx_word' id='word_1_70' title='bbox 396 1412 560 1517; x_wconf 59' lang='lat' dir='ltr'><strong>quifflam,</strong></span> <span class='ocrx_word' id='word_1_71' title='bbox 589 1454 669 1517; x_wconf 92' lang='lat' dir='ltr'><strong>quae</strong></span> <span class='ocrx_word' id='word_1_72' title='bbox 697 1437 775 1499; x_wconf 90' lang='lat' dir='ltr'><strong>duos</strong></span> <span class='ocrx_word' id='word_1_73' title='bbox 801 1436 881 1500; x_wconf 87' lang='lat' dir='ltr'><strong>tilios</strong></span> <span class='ocrx_word' id='word_1_74' title='bbox 909 1438 1044 1519; x_wconf 85' lang='lat' dir='ltr'><strong>trajectis</strong></span> <span class='ocrx_word' id='word_1_75' title='bbox 1070 1455 1126 1519; x_wconf 86' lang='lat' dir='ltr'><strong>per</strong></span> <span class='ocrx_word' id='word_1_76' title='bbox 1148 1437 1223 1500; x_wconf 89' lang='lat' dir='ltr'><strong>colla</strong></span> 
     </span>
     <span class='ocr_line' id='line_1_13' title="bbox 171 1537 1222 1619; baseline -0.006 -14"><span class='ocrx_word' id='word_1_77' title='bbox 171 1558 278 1605; x_wconf 87' lang='lat' dir='ltr'><strong>eorum</strong></span> <span class='ocrx_word' id='word_1_78' title='bbox 305 1538 425 1619; x_wconf 86' lang='lat' dir='ltr'><strong>laqueis</strong></span> <span class='ocrx_word' id='word_1_79' title='bbox 452 1537 490 1601; x_wconf 92' lang='lat' dir='ltr'><strong>ad</strong></span> <span class='ocrx_word' id='word_1_80' title='bbox 517 1554 590 1601; x_wconf 91' lang='lat' dir='ltr'><strong>suos</strong></span> <span class='ocrx_word' id='word_1_81' title='bbox 619 1538 714 1619; x_wconf 85' lang='lat' dir='ltr'><strong>pedes</strong></span> <span class='ocrx_word' id='word_1_82' title='bbox 742 1539 893 1617; x_wconf 82' lang='lat' dir='ltr'><strong>vinxerit,</strong></span> <span class='ocrx_word' id='word_1_83' title='bbox 923 1546 954 1601; x_wconf 91' lang='lat' dir='ltr'><strong>et</strong></span> <span class='ocrx_word' id='word_1_84' title='bbox 981 1557 1050 1600; x_wconf 88' lang='lat' dir='ltr'><strong>omn</strong></span> <span class='ocrx_word' id='word_1_85' title='bbox 1072 1540 1222 1619; x_wconf 86' lang='lat' dir='ltr'><strong>seipsam</strong></span> 
     </span>
     <span class='ocr_line' id='line_1_14' title="bbox 170 1620 1221 1723; baseline -0.005 -18"><span class='ocrx_word' id='word_1_86' title='bbox 170 1620 337 1723; x_wconf 67' lang='lat' dir='ltr'><strong>suspendio</strong></span> <span class='ocrx_word' id='word_1_87' title='bbox 360 1638 535 1705; x_wconf 85' lang='lat' dir='ltr'><strong>morituram</strong></span> <span class='ocrx_word' id='word_1_88' title='bbox 559 1637 736 1716; x_wconf 88' lang='lat' dir='ltr'><strong>dimisisset,</strong></span> <span class='ocrx_word' id='word_1_89' title='bbox 758 1656 864 1703; x_wconf 88' lang='lat' dir='ltr'><strong>secum</strong></span> <span class='ocrx_word' id='word_1_90' title='bbox 886 1641 1014 1703; x_wconf 82' lang='lat' dir='ltr'><strong>traxerit</strong></span> <span class='ocrx_word' id='word_1_91' title='bbox 1029 1639 1221 1702; x_wconf 88' lang='lat' dir='ltr'><strong>occidendos.</strong></span> 
     </span>
     <span class='ocr_line' id='line_1_15' title="bbox 170 1726 1221 1822; baseline -0.003 -19"><span class='ocrx_word' id='word_1_92' title='bbox 170 1741 254 1807; x_wconf 92' lang='lat' dir='ltr'><strong>lnter</strong></span> <span class='ocrx_word' id='word_1_93' title='bbox 274 1740 352 1805; x_wconf 89' lang='lat' dir='ltr'><strong>haec</strong></span> <span class='ocrx_word' id='word_1_94' title='bbox 374 1738 468 1803; x_wconf 87' lang='lat' dir='ltr'><strong>multa</strong></span> <span class='ocrx_word' id='word_1_95' title='bbox 490 1744 522 1799; x_wconf 90' lang='lat' dir='ltr'><strong>et</strong></span> <span class='ocrx_word' id='word_1_96' title='bbox 544 1738 731 1801; x_wconf 87' lang='lat' dir='ltr'><strong>miserabilia</strong></span> <span class='ocrx_word' id='word_1_97' title='bbox 751 1741 857 1804; x_wconf 83' lang='lat' dir='ltr'><strong>mortis</strong></span> <span class='ocrx_word' id='word_1_98' title='bbox 874 1758 1002 1822; x_wconf 82' lang='lat' dir='ltr'><strong>genera,</strong></span> <span class='ocrx_word' id='word_1_99' title='bbox 1022 1726 1124 1821; x_wconf 84' lang='lat' dir='ltr'><strong>reguli</strong></span> <span class='ocrx_word' id='word_1_100' title='bbox 1140 1757 1221 1819; x_wconf 91' lang='lat' dir='ltr'><strong>quo-</strong></span> 
     </span>
     <span class='ocr_line' id='line_1_16' title="bbox 171 1838 1222 1923; baseline -0.002 -18"><span class='ocrx_word' id='word_1_101' title='bbox 171 1860 232 1923; x_wconf 90' lang='lat' dir='ltr'><strong>que</strong></span> <span class='ocrx_word' id='word_1_102' title='bbox 255 1842 317 1903; x_wconf 91' lang='lat' dir='ltr'><strong>duo</strong></span> <span class='ocrx_word' id='word_1_103' title='bbox 336 1840 452 1903; x_wconf 91' lang='lat' dir='ltr'><strong>strictis</strong></span> <span class='ocrx_word' id='word_1_104' title='bbox 471 1840 503 1900; x_wconf 92' lang='lat' dir='ltr'><strong>in</strong></span> <span class='ocrx_word' id='word_1_105' title='bbox 524 1855 558 1899; x_wconf 90' lang='lat' dir='ltr'><strong>se</strong></span> <span class='ocrx_word' id='word_1_106' title='bbox 573 1838 684 1919; x_wconf 81' lang='lat' dir='ltr'><strong>gladiis</strong></span> <span class='ocrx_word' id='word_1_107' title='bbox 699 1840 893 1902; x_wconf 86' lang='lat' dir='ltr'><strong>concurrisse</strong></span> <span class='ocrx_word' id='word_1_108' title='bbox 908 1838 1094 1905; x_wconf 84' lang='lat' dir='ltr'><strong>reseruntur.</strong></span> <span class='ocrx_word' id='word_1_109' title='bbox 1130 1840 1222 1922; x_wconf 82' lang='lat' dir='ltr'><strong>Lugis</strong></span> 
     </span>
     <span class='ocr_line' id='line_1_17' title="bbox 170 1938 1222 2021; baseline -0.003 -15"><span class='ocrx_word' id='word_1_110' title='bbox 170 1950 202 2007; x_wconf 86' lang='lat' dir='ltr'><strong>et</strong></span> <span class='ocrx_word' id='word_1_111' title='bbox 223 1941 348 2003; x_wconf 87' lang='lat' dir='ltr'><strong>Boiorix</strong></span> <span class='ocrx_word' id='word_1_112' title='bbox 368 1957 461 2021; x_wconf 76' lang='lat' dir='ltr'><strong>reges</strong></span> <span class='ocrx_word' id='word_1_113' title='bbox 483 1940 515 2002; x_wconf 92' lang='lat' dir='ltr'><strong>in</strong></span> <span class='ocrx_word' id='word_1_114' title='bbox 537 1940 604 2001; x_wconf 90' lang='lat' dir='ltr'><strong>acie</strong></span> <span class='ocrx_word' id='word_1_115' title='bbox 625 1938 813 2001; x_wconf 86' lang='lat' dir='ltr'><strong>ceciderunt.</strong></span> <span class='ocrx_word' id='word_1_116' title='bbox 858 1940 1019 2003; x_wconf 86' lang='lat' dir='ltr'><strong>Claodieus</strong></span> <span class='ocrx_word' id='word_1_117' title='bbox 1041 1948 1074 2005; x_wconf 87' lang='lat' dir='ltr'><strong>et</strong></span> <span class='ocrx_word' id='word_1_118' title='bbox 1097 1938 1222 2004; x_wconf 80' lang='lat' dir='ltr'><strong>Gesorix</strong></span> 
     </span>
     <span class='ocr_line' id='line_1_18' title="bbox 169 2038 1221 2123; baseline -0.004 -16"><span class='ocrx_word' id='word_1_119' title='bbox 169 2043 249 2123; x_wconf 89' lang='lat' dir='ltr'><strong>capti</strong></span> <span class='ocrx_word' id='word_1_120' title='bbox 271 2048 350 2107; x_wconf 86' lang='lat' dir='ltr'><strong>sunt.</strong></span> <span class='ocrx_word' id='word_1_121' title='bbox 384 2040 428 2105; x_wconf 86' lang='lat' dir='ltr'><strong>lta</strong></span> <span class='ocrx_word' id='word_1_122' title='bbox 450 2040 482 2102; x_wconf 89' lang='lat' dir='ltr'><strong>in</strong></span> <span class='ocrx_word' id='word_1_123' title='bbox 505 2038 552 2101; x_wconf 90' lang='lat' dir='ltr'><strong>his</strong></span> <span class='ocrx_word' id='word_1_124' title='bbox 575 2039 696 2101; x_wconf 89' lang='lat' dir='ltr'><strong>duobus</strong></span> <span class='ocrx_word' id='word_1_125' title='bbox 716 2038 840 2118; x_wconf 87' lang='lat' dir='ltr'><strong>praeliis</strong></span> <span class='ocrx_word' id='word_1_126' title='bbox 861 2046 1000 2106; x_wconf 86' lang='lat' dir='ltr'><strong>trecenta</strong></span> <span class='ocrx_word' id='word_1_127' title='bbox 1023 2042 1221 2123; x_wconf 85' lang='lat' dir='ltr'><strong>quadraginta</strong></span> 
     </span>
     <span class='ocr_line' id='line_1_19' title="bbox 168 2140 1221 2223; baseline 0 -18"><span class='ocrx_word' id='word_1_128' title='bbox 168 2142 263 2205; x_wconf 87' lang='lat' dir='ltr'><strong>millia</strong></span> <span class='ocrx_word' id='word_1_129' title='bbox 283 2140 437 2206; x_wconf 85' lang='lat' dir='ltr'><strong>Gallorum</strong></span> <span class='ocrx_word' id='word_1_130' title='bbox 460 2142 571 2217; x_wconf 85' lang='lat' dir='ltr'><strong>occisa,</strong></span> <span class='ocrx_word' id='word_1_131' title='bbox 595 2146 626 2202; x_wconf 90' lang='lat' dir='ltr'><strong>et</strong></span> <span class='ocrx_word' id='word_1_132' title='bbox 648 2147 772 2203; x_wconf 90' lang='lat' dir='ltr'><strong>centum</strong></span> <span class='ocrx_word' id='word_1_133' title='bbox 795 2140 995 2222; x_wconf 85' lang='lat' dir='ltr'><strong>quadraginta</strong></span> <span class='ocrx_word' id='word_1_134' title='bbox 1018 2142 1113 2205; x_wconf 90' lang='lat' dir='ltr'><strong>millia</strong></span> <span class='ocrx_word' id='word_1_135' title='bbox 1135 2150 1221 2223; x_wconf 91' lang='lat' dir='ltr'><strong>capta</strong></span> 
     </span>
     <span class='ocr_line' id='line_1_20' title="bbox 168 2239 1221 2323; baseline -0.003 -16"><span class='ocrx_word' id='word_1_136' title='bbox 168 2250 240 2307; x_wconf 88' lang='lat' dir='ltr'><strong>sunt</strong></span> <span class='ocrx_word' id='word_1_137' title='bbox 279 2242 395 2321; x_wconf 82' lang='lat' dir='ltr'><strong>absque</strong></span> <span class='ocrx_word' id='word_1_138' title='bbox 419 2243 594 2305; x_wconf 73' lang='lat' dir='ltr'><strong>,innumera</strong></span> <span class='ocrx_word' id='word_1_139' title='bbox 633 2239 796 2306; x_wconf 87' lang='lat' dir='ltr'><strong>mulierum</strong></span> <span class='ocrx_word' id='word_1_140' title='bbox 830 2241 1041 2319; x_wconf 89' lang='lat' dir='ltr'><strong>multitudine,</strong></span> <span class='ocrx_word' id='word_1_141' title='bbox 1075 2261 1156 2323; x_wconf 90' lang='lat' dir='ltr'><strong>quae</strong></span> <span class='ocrx_word' id='word_1_142' title='bbox 1188 2261 1221 2305; x_wconf 89' lang='lat' dir='ltr'><strong>se</strong></span> 
     </span>
     <span class='ocr_line' id='line_1_21' title="bbox 168 2330 1218 2424; baseline 0.003 -19"><span class='ocrx_word' id='word_1_143' title='bbox 168 2360 304 2424; x_wconf 86' lang='lat' dir='ltr'><strong>suosque</strong></span> <span class='ocrx_word' id='word_1_144' title='bbox 325 2330 469 2423; x_wconf 81' lang='lat' dir='ltr'><strong>paruulos</strong></span> <span class='ocrx_word' id='word_1_145' title='bbox 491 2340 625 2406; x_wconf 85' lang='lat' dir='ltr'><strong>femineo</strong></span> <span class='ocrx_word' id='word_1_146' title='bbox 648 2339 769 2419; x_wconf 84' lang='lat' dir='ltr'><strong>lurore,</strong></span> <span class='ocrx_word' id='word_1_147' title='bbox 797 2341 952 2408; x_wconf 83' lang='lat' dir='ltr'><strong>viantem</strong></span> <span class='ocrx_word' id='word_1_148' title='bbox 975 2343 1058 2405; x_wconf 89' lang='lat' dir='ltr'><strong>virili</strong></span> <span class='ocrx_word' id='word_1_149' title='bbox 1081 2360 1218 2408; x_wconf 86' lang='lat' dir='ltr'><strong>necave-</strong></span> 
     </span>
     <span class='ocr_line' id='line_1_22' title="bbox 167 2440 1219 2525; baseline -0.003 -17"><span class='ocrx_word' id='word_1_150' title='bbox 167 2450 246 2508; x_wconf 84' lang='lat' dir='ltr'><strong>runt.</strong></span> <span class='ocrx_word' id='word_1_151' title='bbox 284 2442 382 2525; x_wconf 83' lang='lat' dir='ltr'><strong>igitur</strong></span> <span class='ocrx_word' id='word_1_152' title='bbox 403 2443 493 2505; x_wconf 89' lang='lat' dir='ltr'><strong>talem</strong></span> <span class='ocrx_word' id='word_1_153' title='bbox 508 2440 596 2506; x_wconf 84' lang='lat' dir='ltr'><strong>Marii</strong></span> <span class='ocrx_word' id='word_1_154' title='bbox 611 2442 796 2522; x_wconf 88' lang='lat' dir='ltr'><strong>triumphum</strong></span> <span class='ocrx_word' id='word_1_155' title='bbox 811 2442 1040 2523; x_wconf 81' lang='lat' dir='ltr'><strong>Romanamque</strong></span> <span class='ocrx_word' id='word_1_156' title='bbox 1061 2444 1219 2507; x_wconf 88' lang='lat' dir='ltr'><strong>victoriam</strong></span> 
     </span>
     <span class='ocr_line' id='line_1_23' title="bbox 168 2542 1220 2626; baseline 0.002 -21"><span class='ocrx_word' id='word_1_157' title='bbox 168 2543 351 2607; x_wconf 76' lang='lat' dir='ltr'><strong>incredibile</strong></span> <span class='ocrx_word' id='word_1_158' title='bbox 373 2543 492 2607; x_wconf 88' lang='lat' dir='ltr'><strong>lacinus</strong></span> <span class='ocrx_word' id='word_1_159' title='bbox 522 2551 554 2606; x_wconf 92' lang='lat' dir='ltr'><strong>et</strong></span> <span class='ocrx_word' id='word_1_160' title='bbox 582 2560 749 2622; x_wconf 87' lang='lat' dir='ltr'><strong>numquam</strong></span> <span class='ocrx_word' id='word_1_161' title='bbox 776 2550 866 2605; x_wconf 87' lang='lat' dir='ltr'><strong>antea</strong></span> <span class='ocrx_word' id='word_1_162' title='bbox 887 2542 1030 2606; x_wconf 85' lang='lat' dir='ltr'><strong>Romanis</strong></span> <span class='ocrx_word' id='word_1_163' title='bbox 1053 2547 1220 2626; x_wconf 79' lang='lat' dir='ltr'><strong>cognitum,</strong></span> 
     </span>
     <span class='ocr_line' id='line_1_24' title="bbox 167 2641 1219 2723; baseline 0.001 -19"><span class='ocrx_word' id='word_1_164' title='bbox 167 2642 281 2706; x_wconf 84' lang='lat' dir='ltr'><strong>Romae</strong></span> <span class='ocrx_word' id='word_1_165' title='bbox 303 2643 405 2706; x_wconf 89' lang='lat' dir='ltr'><strong>subito</strong></span> <span class='ocrx_word' id='word_1_166' title='bbox 426 2649 645 2723; x_wconf 87' lang='lat' dir='ltr'><strong>perpetratum,</strong></span> <span class='ocrx_word' id='word_1_167' title='bbox 668 2659 757 2708; x_wconf 87' lang='lat' dir='ltr'><strong>versa</strong></span> <span class='ocrx_word' id='word_1_168' title='bbox 777 2643 809 2707; x_wconf 90' lang='lat' dir='ltr'><strong>in</strong></span> <span class='ocrx_word' id='word_1_169' title='bbox 824 2641 982 2705; x_wconf 83' lang='lat' dir='ltr'><strong>horrorem</strong></span> <span class='ocrx_word' id='word_1_170' title='bbox 998 2661 1034 2705; x_wconf 88' lang='lat' dir='ltr'><strong>ac</strong></span> <span class='ocrx_word' id='word_1_171' title='bbox 1049 2661 1219 2709; x_wconf 89' lang='lat' dir='ltr'><strong>moerorem</strong></span> 
     </span>
     <span class='ocr_line' id='line_1_25' title="bbox 167 2742 1219 2821; baseline 0.002 -16"><span class='ocrx_word' id='word_1_172' title='bbox 167 2750 231 2806; x_wconf 89' lang='lat' dir='ltr'><strong>tota</strong></span> <span class='ocrx_word' id='word_1_173' title='bbox 259 2742 341 2807; x_wconf 91' lang='lat' dir='ltr'><strong>Urbe</strong></span> <span class='ocrx_word' id='word_1_174' title='bbox 373 2742 515 2807; x_wconf 81' lang='lat' dir='ltr'><strong>fuscavit</strong></span> <span class='ocrx_word' id='word_1_175' title='bbox 559 2742 712 2807; x_wconf 87' lang='lat' dir='ltr'><strong>Poblicins</strong></span> <span class='ocrx_word' id='word_1_176' title='bbox 744 2742 897 2821; x_wconf 86' lang='lat' dir='ltr'><strong>siquidem</strong></span> <span class='ocrx_word' id='word_1_177' title='bbox 929 2742 1088 2806; x_wconf 82' lang='lat' dir='ltr'><strong>Malleolus</strong></span> <span class='ocrx_word' id='word_1_178' title='bbox 1121 2748 1219 2808; x_wconf 86' lang='lat' dir='ltr'><strong>servis</strong></span> 
     </span>
     <span class='ocr_line' id='line_1_26' title="bbox 166 2840 1219 2924; baseline 0.002 -19"><span class='ocrx_word' id='word_1_179' title='bbox 166 2843 375 2909; x_wconf 87' lang='lat' dir='ltr'><strong>adnitentibus</strong></span> <span class='ocrx_word' id='word_1_180' title='bbox 397 2850 523 2905; x_wconf 89' lang='lat' dir='ltr'><strong>matrem</strong></span> <span class='ocrx_word' id='word_1_181' title='bbox 545 2858 631 2903; x_wconf 90' lang='lat' dir='ltr'><strong>suam</strong></span> <span class='ocrx_word' id='word_1_182' title='bbox 653 2840 820 2905; x_wconf 87' lang='lat' dir='ltr'><strong>interiecit.</strong></span> <span class='ocrx_word' id='word_1_183' title='bbox 861 2842 1027 2905; x_wconf 88' lang='lat' dir='ltr'><strong>Damnatus</strong></span> <span class='ocrx_word' id='word_1_184' title='bbox 1053 2846 1219 2924; x_wconf 77' lang='lat' dir='ltr'><strong>parrIcidii,</strong></span> 
     </span>
     <span class='ocr_line' id='line_1_27' title="bbox 166 2941 1217 3025; baseline 0.005 -22"><span class='ocrx_word' id='word_1_185' title='bbox 166 2944 351 3021; x_wconf 82' lang='lat' dir='ltr'><strong>insutusque</strong></span> <span class='ocrx_word' id='word_1_186' title='bbox 373 2944 404 3004; x_wconf 95' lang='lat' dir='ltr'><strong>in</strong></span> <span class='ocrx_word' id='word_1_187' title='bbox 427 2942 562 3007; x_wconf 88' lang='lat' dir='ltr'><strong>culleum</strong></span> <span class='ocrx_word' id='word_1_188' title='bbox 585 2942 670 3005; x_wconf 88' lang='lat' dir='ltr'><strong>etin</strong></span> <span class='ocrx_word' id='word_1_189' title='bbox 692 2960 776 3008; x_wconf 90' lang='lat' dir='ltr'><strong>mare</strong></span> <span class='ocrx_word' id='word_1_190' title='bbox 797 2941 953 3022; x_wconf 86' lang='lat' dir='ltr'><strong>projectus</strong></span> <span class='ocrx_word' id='word_1_191' title='bbox 976 2951 1039 3006; x_wconf 85' lang='lat' dir='ltr'><strong>est:</strong></span> <span class='ocrx_word' id='word_1_192' title='bbox 1064 2946 1217 3025; x_wconf 90' lang='lat' dir='ltr'><strong>impleve-</strong></span> 
     </span>
     <span class='ocr_line' id='line_1_28' title="bbox 164 3040 1217 3123; baseline 0.002 -20"><span class='ocrx_word' id='word_1_193' title='bbox 164 3048 301 3123; x_wconf 88' lang='lat' dir='ltr'><strong>runtque</strong></span> <span class='ocrx_word' id='word_1_194' title='bbox 326 3042 455 3106; x_wconf 83' lang='lat' dir='ltr'><strong>Romani</strong></span> <span class='ocrx_word' id='word_1_195' title='bbox 485 3048 516 3107; x_wconf 92' lang='lat' dir='ltr'><strong>et</strong></span> <span class='ocrx_word' id='word_1_196' title='bbox 549 3040 669 3105; x_wconf 83' lang='lat' dir='ltr'><strong>lacinus</strong></span> <span class='ocrx_word' id='word_1_197' title='bbox 701 3049 733 3105; x_wconf 89' lang='lat' dir='ltr'><strong>et</strong></span> <span class='ocrx_word' id='word_1_198' title='bbox 764 3059 911 3123; x_wconf 87' lang='lat' dir='ltr'><strong>poenam,</strong></span> <span class='ocrx_word' id='word_1_199' title='bbox 944 3043 1027 3107; x_wconf 84' lang='lat' dir='ltr'><strong>uude</strong></span> <span class='ocrx_word' id='word_1_200' title='bbox 1060 3052 1092 3107; x_wconf 91' lang='lat' dir='ltr'><strong>et</strong></span> <span class='ocrx_word' id='word_1_201' title='bbox 1125 3046 1217 3110; x_wconf 87' lang='lat' dir='ltr'><strong>Solon</strong></span> 
     </span>
     <span class='ocr_line' id='line_1_29' title="bbox 165 3140 1218 3226; baseline 0.006 -21"><span class='ocrx_word' id='word_1_202' title='bbox 165 3140 371 3208; x_wconf 82' lang='lat' dir='ltr'><strong>Athenienses</strong></span> <span class='ocrx_word' id='word_1_203' title='bbox 394 3144 565 3209; x_wconf 86' lang='lat' dir='ltr'><strong>decernere</strong></span> <span class='ocrx_word' id='word_1_204' title='bbox 586 3159 649 3207; x_wconf 92' lang='lat' dir='ltr'><strong>non</strong></span> <span class='ocrx_word' id='word_1_205' title='bbox 671 3160 764 3207; x_wconf 85' lang='lat' dir='ltr'><strong>ausus</strong></span> <span class='ocrx_word' id='word_1_206' title='bbox 786 3142 904 3221; x_wconf 82' lang='lat' dir='ltr'><strong>luerat,</strong></span> <span class='ocrx_word' id='word_1_207' title='bbox 932 3145 1004 3207; x_wconf 89' lang='lat' dir='ltr'><strong>dum</strong></span> <span class='ocrx_word' id='word_1_208' title='bbox 1032 3145 1099 3210; x_wconf 91' lang='lat' dir='ltr'><strong>lieri</strong></span> <span class='ocrx_word' id='word_1_209' title='bbox 1128 3163 1218 3226; x_wconf 85' lang='lat' dir='ltr'><strong>posse</strong></span> 
     </span>
     <span class='ocr_line' id='line_1_30' title="bbox 164 3243 1218 3323; baseline 0.004 -20"><span class='ocrx_word' id='word_1_210' title='bbox 164 3258 227 3303; x_wconf 87' lang='lat' dir='ltr'><strong>non</strong></span> <span class='ocrx_word' id='word_1_211' title='bbox 240 3245 381 3308; x_wconf 85' lang='lat' dir='ltr'><strong>credidit:</strong></span> <span class='ocrx_word' id='word_1_212' title='bbox 398 3251 429 3305; x_wconf 89' lang='lat' dir='ltr'><strong>et</strong></span> <span class='ocrx_word' id='word_1_213' title='bbox 440 3243 579 3319; x_wconf 84' lang='lat' dir='ltr'><strong>Romani,</strong></span> <span class='ocrx_word' id='word_1_214' title='bbox 594 3243 699 3321; x_wconf 86' lang='lat' dir='ltr'><strong>quise</strong></span> <span class='ocrx_word' id='word_1_215' title='bbox 714 3250 797 3305; x_wconf 90' lang='lat' dir='ltr'><strong>ortos</strong></span> <span class='ocrx_word' id='word_1_216' title='bbox 812 3243 969 3305; x_wconf 89' lang='lat' dir='ltr'><strong>aRomulo</strong></span> <span class='ocrx_word' id='word_1_217' title='bbox 984 3246 1110 3323; x_wconf 88' lang='lat' dir='ltr'><strong>scirent,</strong></span> <span class='ocrx_word' id='word_1_218' title='bbox 1127 3248 1218 3309; x_wconf 88' lang='lat' dir='ltr'><strong>etiam</strong></span> 
     </span>
     <span class='ocr_line' id='line_1_31' title="bbox 163 3340 1216 3425; baseline 0 -20"><span class='ocrx_word' id='word_1_219' title='bbox 163 3340 223 3405; x_wconf 87' lang='lat' dir='ltr'><strong>hoc</strong></span> <span class='ocrx_word' id='word_1_220' title='bbox 238 3342 304 3405; x_wconf 87' lang='lat' dir='ltr'><strong>lieri</strong></span> <span class='ocrx_word' id='word_1_221' title='bbox 319 3360 409 3423; x_wconf 87' lang='lat' dir='ltr'><strong>posse</strong></span> <span class='ocrx_word' id='word_1_222' title='bbox 425 3344 644 3425; x_wconf 82' lang='lat' dir='ltr'><strong>intelligentes,</strong></span> <span class='ocrx_word' id='word_1_223' title='bbox 666 3343 849 3423; x_wconf 89' lang='lat' dir='ltr'><strong>supplicium</strong></span> <span class='ocrx_word' id='word_1_224' title='bbox 868 3344 1024 3425; x_wconf 81' lang='lat' dir='ltr'><strong>singulare</strong></span> <span class='ocrx_word' id='word_1_225' title='bbox 1039 3353 1216 3413; x_wconf 83' lang='lat' dir='ltr'><strong>sanxerunt.</strong></span> 
     </span>
    </p>
   </div>
   <div class='ocr_carea' id='block_1_4' title="bbox 166 3489 889 3628">
    <p class='ocr_par' dir='ltr' id='par_1_4' title="bbox 166 3489 889 3628">
     <span class='ocr_line' id='line_1_32' title="bbox 166 3489 889 3628; baseline 0.001 -28"><span class='ocrx_word' id='word_1_226' title='bbox 166 3521 255 3601; x_wconf 77' lang='lat' dir='ltr'><strong>[aaa]</strong></span> <span class='ocrx_word' id='word_1_227' title='bbox 499 3491 692 3628; x_wconf 76' lang='lat' dir='ltr'><strong>bapti</strong></span> <span class='ocrx_word' id='word_1_228' title='bbox 737 3489 889 3601; x_wconf 78' lang='lat' dir='ltr'><strong>llll</strong></span> 
     </span>
    </p>
   </div>
   <div class='ocr_carea' id='block_1_5' title="bbox 165 3655 1215 3839">
    <p class='ocr_par' dir='ltr' id='par_1_5' title="bbox 165 3655 1215 3839">
     <span class='ocr_line' id='line_1_33' title="bbox 165 3655 1215 3747; baseline 0.008 -28"><span class='ocrx_word' id='word_1_229' title='bbox 165 3655 220 3721; x_wconf 83' lang='lat' dir='ltr'><strong>De</strong></span> <span class='ocrx_word' id='word_1_230' title='bbox 240 3659 368 3743; x_wconf 73' lang='lat' dir='ltr'><strong>tepenti</strong></span> <span class='ocrx_word' id='word_1_231' title='bbox 388 3657 519 3727; x_wconf 78' lang='lat' dir='ltr'><strong>Romae</strong></span> <span class='ocrx_word' id='word_1_232' title='bbox 543 3662 728 3742; x_wconf 78' lang='lat' dir='ltr'><strong>seditione,</strong></span> <span class='ocrx_word' id='word_1_233' title='bbox 756 3661 958 3736; x_wconf 71' lang='lat' dir='ltr'><strong>auctmidata</strong></span> <span class='ocrx_word' id='word_1_234' title='bbox 982 3658 1025 3726; x_wconf 77' lang='lat' dir='ltr'><strong>t.</strong></span> <span class='ocrx_word' id='word_1_235' title='bbox 1047 3658 1215 3747; x_wconf 65' lang='lat' dir='ltr'><strong>Appuleio</strong></span> 
     </span>
     <span class='ocr_line' id='line_1_34' title="bbox 173 3746 1076 3839; baseline 0.003 -24"><span class='ocrx_word' id='word_1_236' title='bbox 173 3780 175 3785; x_wconf 96' lang='lat'>·</span> <span class='ocrx_word' id='word_1_237' title='bbox 299 3746 510 3839; x_wconf 67' lang='lat' dir='ltr'><strong>Saturnino,</strong></span> <span class='ocrx_word' id='word_1_238' title='bbox 538 3748 578 3816; x_wconf 79' lang='lat'><strong>0.</strong></span> <span class='ocrx_word' id='word_1_239' title='bbox 603 3749 725 3815; x_wconf 67' lang='lat' dir='ltr'><strong>Matio</strong></span> <span class='ocrx_word' id='word_1_240' title='bbox 746 3753 962 3836; x_wconf 60' lang='lat' dir='ltr'><strong>mueronem</strong></span> <span class='ocrx_word' id='word_1_241' title='bbox 989 3755 1076 3818; x_wconf 82' lang='lat' dir='ltr'><strong>orla.</strong></span> 
     </span>
    </p>
   </div>
   <div class='ocr_carea' id='block_1_6' title="bbox 163 3865 1215 4052">
    <p class='ocr_par' dir='ltr' id='par_1_6' title="bbox 163 3865 1215 4052">
     <span class='ocr_line' id='line_1_35' title="bbox 247 3865 1215 3952; baseline 0.006 -26"><span class='ocrx_word' id='word_1_242' title='bbox 247 3865 338 3928; x_wconf 86' lang='lat' dir='ltr'><strong>Anno</strong></span> <span class='ocrx_word' id='word_1_243' title='bbox 366 3869 405 3931; x_wconf 91' lang='lat' dir='ltr'><strong>ab</strong></span> <span class='ocrx_word' id='word_1_244' title='bbox 432 3869 515 3931; x_wconf 89' lang='lat' dir='ltr'><strong>Urbe</strong></span> <span class='ocrx_word' id='word_1_245' title='bbox 540 3868 664 3930; x_wconf 86' lang='lat' dir='ltr'><strong>condita</strong></span> <span class='ocrx_word' id='word_1_246' title='bbox 695 3867 833 3933; x_wconf 81' lang='lat' dir='ltr'><strong>Dcxtv.</strong></span> <span class='ocrx_word' id='word_1_247' title='bbox 865 3878 935 3952; x_wconf 90' lang='lat' dir='ltr'><strong>post</strong></span> <span class='ocrx_word' id='word_1_248' title='bbox 966 3870 1153 3934; x_wconf 83' lang='lat' dir='ltr'><strong>Cimbricum</strong></span> <span class='ocrx_word' id='word_1_249' title='bbox 1183 3878 1215 3933; x_wconf 90' lang='lat' dir='ltr'><strong>et</strong></span> 
     </span>
     <span class='ocr_line' id='line_1_36' title="bbox 163 3958 1214 4052; baseline 0.016 -31"><span class='ocrx_word' id='word_1_250' title='bbox 163 3958 363 4028; x_wconf 71' lang='lat' dir='ltr'><strong>Teutonicum</strong></span> <span class='ocrx_word' id='word_1_251' title='bbox 399 3967 512 4030; x_wconf 90' lang='lat' dir='ltr'><strong>bellurn</strong></span> <span class='ocrx_word' id='word_1_252' title='bbox 547 3973 578 4028; x_wconf 89' lang='lat' dir='ltr'><strong>et</strong></span> <span class='ocrx_word' id='word_1_253' title='bbox 616 3966 755 4047; x_wconf 89' lang='lat' dir='ltr'><strong>quintum</strong></span> <span class='ocrx_word' id='word_1_254' title='bbox 788 3966 876 4033; x_wconf 88' lang='lat' dir='ltr'><strong>illarii</strong></span> <span class='ocrx_word' id='word_1_255' title='bbox 909 3970 1119 4050; x_wconf 87' lang='lat' dir='ltr'><strong>consulatum,</strong></span> <span class='ocrx_word' id='word_1_256' title='bbox 1152 3987 1214 4052; x_wconf 82' lang='lat' dir='ltr'><strong>quo</strong></span> 
     </span>
    </p>
   </div>
   <div class='ocr_carea' id='block_1_7' title="bbox 0 0 1322 4434">
    <p class='ocr_par' dir='ltr' id='par_1_7' title="bbox 0 0 1322 4434">
     <span class='ocr_line' id='line_1_37' title="bbox 0 0 1322 4434; baseline 0 2"><span class='ocrx_word' id='word_1_257' title='bbox 0 0 1322 4434; x_wconf 95' lang='lat' dir='ltr'><strong> </strong></span> 
     </span>
    </p>
   </div>
   <div class='ocr_carea' id='block_1_8' title="bbox 1297 2089 1305 2552">
    <p class='ocr_par' dir='ltr' id='par_1_8' title="bbox 1297 2089 1305 2552">
     <span class='ocr_line' id='line_1_38' title="bbox 1297 2089 1305 2552; baseline 0 0"><span class='ocrx_word' id='word_1_258' title='bbox 1297 2089 1305 2552; x_wconf 85' lang='grc' dir='ltr'>ι</span> 
     </span>
    </p>
   </div>
  </div>
 </body>
</html>
