<?xml version="1.0" encoding="UTF-8"?>
<!DOCTYPE html PUBLIC "-//W3C//DTD XHTML 1.0 Transitional//EN"
    "http://www.w3.org/TR/xhtml1/DTD/xhtml1-transitional.dtd">
<html xmlns="http://www.w3.org/1999/xhtml" xml:lang="en" lang="en">
 <head>
  <title>
</title>
<meta http-equiv="Content-Type" content="text/html;charset=utf-8" />
  <meta name='ocr-system' content='tesseract 3.04.00' />
  <meta name='ocr-capabilities' content='ocr_page ocr_carea ocr_par ocr_line ocrx_word'/>
</head>
<body>
  <div class='ocr_page' id='page_1' title='image "./pauliorosiipres00havegoog_0094.png"; bbox 0 0 2634 4434; ppageno 0'>
   <div class='ocr_carea' id='block_1_1' title="bbox 580 311 629 381">
    <p class='ocr_par' dir='ltr' id='par_1_1' title="bbox 580 311 629 381">
     <span class='ocr_line' id='line_1_1' title="bbox 580 311 629 381; baseline -0.02 0"><span class='ocrx_word' id='word_1_1' title='bbox 580 311 629 381; x_wconf 85' lang='grc'><strong>87</strong></span> 
     </span>
    </p>
   </div>
   <div class='ocr_carea' id='block_1_2' title="bbox 56 542 1130 4024">
    <p class='ocr_par' dir='ltr' id='par_1_2' title="bbox 56 542 1130 4024">
     <span class='ocr_line' id='line_1_2' title="bbox 76 542 1126 632; baseline 0.009 -29"><span class='ocrx_word' id='word_1_2' title='bbox 76 543 185 606; x_wconf 89' lang='lat' dir='ltr'><strong>urbem</strong></span> <span class='ocrx_word' id='word_1_3' title='bbox 206 549 291 604; x_wconf 91' lang='lat' dir='ltr'><strong>ratus</strong></span> <span class='ocrx_word' id='word_1_4' title='bbox 306 542 497 625; x_wconf 74' lang='lat' dir='ltr'><strong>Byzantium,</strong></span> <span class='ocrx_word' id='word_1_5' title='bbox 518 544 655 607; x_wconf 89' lang='lat' dir='ltr'><strong>nobilem</strong></span> <span class='ocrx_word' id='word_1_6' title='bbox 677 545 844 623; x_wconf 88' lang='lat' dir='ltr'><strong>civitatem,</strong></span> <span class='ocrx_word' id='word_1_7' title='bbox 866 547 1049 626; x_wconf 77' lang='lat' dir='ltr'><strong>aptissimam</strong></span> <span class='ocrx_word' id='word_1_8' title='bbox 1068 550 1126 632; x_wconf 89' lang='lat' dir='ltr'><strong>ju-</strong></span> 
     </span>
     <span class='ocr_line' id='line_1_3' title="bbox 75 643 1128 729; baseline 0.007 -25"><span class='ocrx_word' id='word_1_9' title='bbox 75 643 200 722; x_wconf 77' lang='lat' dir='ltr'><strong>dicavit,</strong></span> <span class='ocrx_word' id='word_1_10' title='bbox 222 650 257 704; x_wconf 90' lang='lat' dir='ltr'><strong>ut</strong></span> <span class='ocrx_word' id='word_1_11' title='bbox 277 644 505 722; x_wconf 77' lang='lat' dir='ltr'><strong>receptaculum</strong></span> <span class='ocrx_word' id='word_1_12' title='bbox 527 643 589 706; x_wconf 89' lang='lat' dir='ltr'><strong>sibi</strong></span> <span class='ocrx_word' id='word_1_13' title='bbox 610 652 693 707; x_wconf 89' lang='lat' dir='ltr'><strong>terra</strong></span> <span class='ocrx_word' id='word_1_14' title='bbox 714 647 854 726; x_wconf 88' lang='lat' dir='ltr'><strong>marique</strong></span> <span class='ocrx_word' id='word_1_15' title='bbox 875 645 974 725; x_wconf 88' lang='lat' dir='ltr'><strong>lieret,</strong></span> <span class='ocrx_word' id='word_1_16' title='bbox 997 665 1128 729; x_wconf 85' lang='lat' dir='ltr'><strong>eamque</strong></span> 
     </span>
     <span class='ocr_line' id='line_1_4' title="bbox 74 743 1127 828; baseline 0.004 -24"><span class='ocrx_word' id='word_1_17' title='bbox 74 743 274 806; x_wconf 79' lang='lat' dir='ltr'><strong>obsistentem</strong></span> <span class='ocrx_word' id='word_1_18' title='bbox 296 743 379 805; x_wconf 92' lang='lat' dir='ltr'><strong>illico</strong></span> <span class='ocrx_word' id='word_1_19' title='bbox 399 745 560 808; x_wconf 82' lang='lat' dir='ltr'><strong>obsidione</strong></span> <span class='ocrx_word' id='word_1_20' title='bbox 575 747 682 808; x_wconf 83' lang='lat' dir='ltr'><strong>cinxit.</strong></span> <span class='ocrx_word' id='word_1_21' title='bbox 719 745 802 808; x_wconf 87' lang='lat' dir='ltr'><strong>Haec</strong></span> <span class='ocrx_word' id='word_1_22' title='bbox 817 753 919 808; x_wconf 88' lang='lat' dir='ltr'><strong>autem</strong></span> <span class='ocrx_word' id='word_1_23' title='bbox 934 746 1127 828; x_wconf 77' lang='lat' dir='ltr'><strong>Byzantium,</strong></span> 
     </span>
     <span class='ocr_line' id='line_1_5' title="bbox 72 843 1127 929; baseline 0.006 -27"><span class='ocrx_word' id='word_1_24' title='bbox 72 843 226 921; x_wconf 85' lang='lat' dir='ltr'><strong>quondam</strong></span> <span class='ocrx_word' id='word_1_25' title='bbox 247 844 427 906; x_wconf 90' lang='lat' dir='ltr'><strong>aPausania</strong></span> <span class='ocrx_word' id='word_1_26' title='bbox 448 864 523 929; x_wconf 89' lang='lat' dir='ltr'><strong>rege</strong></span> <span class='ocrx_word' id='word_1_27' title='bbox 539 847 756 927; x_wconf 82' lang='lat' dir='ltr'><strong>Spartanorum</strong></span> <span class='ocrx_word' id='word_1_28' title='bbox 779 847 912 924; x_wconf 91' lang='lat' dir='ltr'><strong>condita,</strong></span> <span class='ocrx_word' id='word_1_29' title='bbox 934 852 1003 927; x_wconf 92' lang='lat' dir='ltr'><strong>post</strong></span> <span class='ocrx_word' id='word_1_30' title='bbox 1024 852 1127 908; x_wconf 90' lang='lat' dir='ltr'><strong>antem</strong></span> 
     </span>
     <span class='ocr_line' id='line_1_6' title="bbox 71 943 1126 1028; baseline 0.005 -27"><span class='ocrx_word' id='word_1_31' title='bbox 71 960 88 1001; x_wconf 90' lang='lat' dir='ltr'><strong>a</strong></span> <span class='ocrx_word' id='word_1_32' title='bbox 111 943 322 1028; x_wconf 81' lang='lat' dir='ltr'><strong>Constantino,</strong></span> <span class='ocrx_word' id='word_1_33' title='bbox 345 943 517 1008; x_wconf 86' lang='lat' dir='ltr'><strong>Christiano</strong></span> <span class='ocrx_word' id='word_1_34' title='bbox 538 949 687 1028; x_wconf 88' lang='lat' dir='ltr'><strong>principe,</strong></span> <span class='ocrx_word' id='word_1_35' title='bbox 710 949 742 1009; x_wconf 92' lang='lat' dir='ltr'><strong>in</strong></span> <span class='ocrx_word' id='word_1_36' title='bbox 766 948 862 1028; x_wconf 91' lang='lat' dir='ltr'><strong>majus</strong></span> <span class='ocrx_word' id='word_1_37' title='bbox 884 954 972 1010; x_wconf 85' lang='lat' dir='ltr'><strong>aucta</strong></span> <span class='ocrx_word' id='word_1_38' title='bbox 992 952 1023 1008; x_wconf 93' lang='lat' dir='ltr'><strong>et</strong></span> <span class='ocrx_word' id='word_1_39' title='bbox 1039 944 1126 1006; x_wconf 86' lang='lat' dir='ltr'><strong>Con-</strong></span> 
     </span>
     <span class='ocr_line' id='line_1_7' title="bbox 69 1043 1127 1125; baseline 0.005 -24"><span class='ocrx_word' id='word_1_40' title='bbox 69 1043 285 1123; x_wconf 88' lang='lat' dir='ltr'><strong>stantinopolis</strong></span> <span class='ocrx_word' id='word_1_41' title='bbox 306 1045 397 1122; x_wconf 90' lang='lat' dir='ltr'><strong>dicta,</strong></span> <span class='ocrx_word' id='word_1_42' title='bbox 419 1045 633 1125; x_wconf 84' lang='lat' dir='ltr'><strong>gloriosissimi</strong></span> <span class='ocrx_word' id='word_1_43' title='bbox 648 1063 731 1108; x_wconf 91' lang='lat' dir='ltr'><strong>nunc</strong></span> <span class='ocrx_word' id='word_1_44' title='bbox 747 1047 866 1124; x_wconf 91' lang='lat' dir='ltr'><strong>imperii</strong></span> <span class='ocrx_word' id='word_1_45' title='bbox 880 1046 971 1108; x_wconf 90' lang='lat' dir='ltr'><strong>sedes</strong></span> <span class='ocrx_word' id='word_1_46' title='bbox 986 1053 1018 1107; x_wconf 89' lang='lat' dir='ltr'><strong>et</strong></span> <span class='ocrx_word' id='word_1_47' title='bbox 1032 1045 1127 1107; x_wconf 89' lang='lat' dir='ltr'><strong>totius</strong></span> 
     </span>
     <span class='ocr_line' id='line_1_8' title="bbox 67 1143 1124 1225; baseline 0.004 -23"><span class='ocrx_word' id='word_1_48' title='bbox 67 1150 163 1221; x_wconf 93' lang='lat' dir='ltr'><strong>caput</strong></span> <span class='ocrx_word' id='word_1_49' title='bbox 184 1143 321 1206; x_wconf 86' lang='lat' dir='ltr'><strong>Orientis</strong></span> <span class='ocrx_word' id='word_1_50' title='bbox 342 1151 397 1207; x_wconf 84' lang='lat' dir='ltr'><strong>est</strong></span> <span class='ocrx_word' id='word_1_51' title='bbox 441 1144 597 1225; x_wconf 71' lang='lat' dir='ltr'><strong>Philippus</strong></span> <span class='ocrx_word' id='word_1_52' title='bbox 617 1162 693 1206; x_wconf 85' lang='lat' dir='ltr'><strong>vero</strong></span> <span class='ocrx_word' id='word_1_53' title='bbox 715 1152 784 1224; x_wconf 92' lang='lat' dir='ltr'><strong>post</strong></span> <span class='ocrx_word' id='word_1_54' title='bbox 804 1145 926 1225; x_wconf 90' lang='lat' dir='ltr'><strong>longam</strong></span> <span class='ocrx_word' id='word_1_55' title='bbox 949 1153 981 1207; x_wconf 88' lang='lat' dir='ltr'><strong>et</strong></span> <span class='ocrx_word' id='word_1_56' title='bbox 1008 1145 1124 1206; x_wconf 88' lang='lat' dir='ltr'><strong>irritam</strong></span> 
     </span>
     <span class='ocr_line' id='line_1_9' title="bbox 66 1239 1123 1326; baseline 0.001 -24"><span class='ocrx_word' id='word_1_57' title='bbox 66 1241 273 1325; x_wconf 91' lang='lat' dir='ltr'><strong>obsidionem,</strong></span> <span class='ocrx_word' id='word_1_58' title='bbox 295 1251 330 1305; x_wconf 92' lang='lat' dir='ltr'><strong>nt</strong></span> <span class='ocrx_word' id='word_1_59' title='bbox 348 1245 508 1323; x_wconf 91' lang='lat' dir='ltr'><strong>pecuniam</strong></span> <span class='ocrx_word' id='word_1_60' title='bbox 525 1263 616 1325; x_wconf 87' lang='lat' dir='ltr'><strong>qnam</strong></span> <span class='ocrx_word' id='word_1_61' title='bbox 632 1244 802 1307; x_wconf 90' lang='lat' dir='ltr'><strong>obsidendo</strong></span> <span class='ocrx_word' id='word_1_62' title='bbox 818 1243 1013 1322; x_wconf 86' lang='lat' dir='ltr'><strong>exhauserat,</strong></span> <span class='ocrx_word' id='word_1_63' title='bbox 1035 1239 1123 1326; x_wconf 71' lang='lat'>[175]</span> 
     </span>
     <span class='ocr_line' id='line_1_10' title="bbox 65 1343 1124 1426; baseline 0.004 -24"><span class='ocrx_word' id='word_1_64' title='bbox 65 1343 246 1419; x_wconf 80' lang='lat' dir='ltr'><strong>praedando</strong></span> <span class='ocrx_word' id='word_1_65' title='bbox 266 1351 433 1423; x_wconf 88' lang='lat' dir='ltr'><strong>repararet,</strong></span> <span class='ocrx_word' id='word_1_66' title='bbox 455 1345 611 1423; x_wconf 86' lang='lat' dir='ltr'><strong>piraticam</strong></span> <span class='ocrx_word' id='word_1_67' title='bbox 626 1344 791 1426; x_wconf 87' lang='lat' dir='ltr'><strong>adgressus</strong></span> <span class='ocrx_word' id='word_1_68' title='bbox 807 1350 862 1406; x_wconf 83' lang='lat' dir='ltr'><strong>est</strong></span> <span class='ocrx_word' id='word_1_69' title='bbox 896 1343 1003 1423; x_wconf 85' lang='lat' dir='ltr'><strong>Captus</strong></span> <span class='ocrx_word' id='word_1_70' title='bbox 1019 1343 1124 1423; x_wconf 89' lang='lat' dir='ltr'><strong>itaquo</strong></span> 
     </span>
     <span class='ocr_line' id='line_1_11' title="bbox 64 1442 1121 1524; baseline 0.003 -24"><span class='ocrx_word' id='word_1_71' title='bbox 64 1449 194 1505; x_wconf 90' lang='lat' dir='ltr'><strong>centum</strong></span> <span class='ocrx_word' id='word_1_72' title='bbox 216 1449 248 1504; x_wconf 88' lang='lat' dir='ltr'><strong>et</strong></span> <span class='ocrx_word' id='word_1_73' title='bbox 269 1445 462 1524; x_wconf 84' lang='lat' dir='ltr'><strong>septuaginta</strong></span> <span class='ocrx_word' id='word_1_74' title='bbox 484 1461 578 1507; x_wconf 87' lang='lat' dir='ltr'><strong>naves</strong></span> <span class='ocrx_word' id='word_1_75' title='bbox 607 1445 762 1506; x_wconf 85' lang='lat' dir='ltr'><strong>mercibus</strong></span> <span class='ocrx_word' id='word_1_76' title='bbox 789 1442 943 1506; x_wconf 85' lang='lat' dir='ltr'><strong>confertas</strong></span> <span class='ocrx_word' id='word_1_77' title='bbox 971 1442 1121 1517; x_wconf 88' lang='lat' dir='ltr'><strong>distraxit,</strong></span> 
     </span>
     <span class='ocr_line' id='line_1_12' title="bbox 60 1540 1123 1624; baseline 0.004 -24"><span class='ocrx_word' id='word_1_78' title='bbox 60 1547 95 1601; x_wconf 87' lang='lat' dir='ltr'><strong>et</strong></span> <span class='ocrx_word' id='word_1_79' title='bbox 111 1540 273 1602; x_wconf 84' lang='lat' dir='ltr'><strong>anhelanti</strong></span> <span class='ocrx_word' id='word_1_80' title='bbox 287 1543 408 1621; x_wconf 90' lang='lat' dir='ltr'><strong>inopiae</strong></span> <span class='ocrx_word' id='word_1_81' title='bbox 422 1562 515 1623; x_wconf 87' lang='lat' dir='ltr'><strong>parva</strong></span> <span class='ocrx_word' id='word_1_82' title='bbox 528 1544 722 1605; x_wconf 89' lang='lat' dir='ltr'><strong>recreatione</strong></span> <span class='ocrx_word' id='word_1_83' title='bbox 737 1543 899 1624; x_wconf 45' lang='lat' dir='ltr'><strong>subvenit,</strong></span> <span class='ocrx_word' id='word_1_84' title='bbox 911 1541 985 1606; x_wconf 89' lang='lat' dir='ltr'><strong>Inda</strong></span> <span class='ocrx_word' id='word_1_85' title='bbox 997 1548 1123 1623; x_wconf 87' lang='lat' dir='ltr'><strong>propter</strong></span> 
     </span>
     <span class='ocr_line' id='line_1_13' title="bbox 60 1639 1121 1721; baseline 0.002 -19"><span class='ocrx_word' id='word_1_86' title='bbox 60 1639 218 1721; x_wconf 88' lang='lat' dir='ltr'><strong>agendam</strong></span> <span class='ocrx_word' id='word_1_87' title='bbox 235 1641 376 1720; x_wconf 90' lang='lat' dir='ltr'><strong>praedam</strong></span> <span class='ocrx_word' id='word_1_88' title='bbox 392 1649 425 1704; x_wconf 91' lang='lat' dir='ltr'><strong>et</strong></span> <span class='ocrx_word' id='word_1_89' title='bbox 439 1642 603 1704; x_wconf 90' lang='lat' dir='ltr'><strong>curandam</strong></span> <span class='ocrx_word' id='word_1_90' title='bbox 619 1641 810 1703; x_wconf 90' lang='lat' dir='ltr'><strong>obsidionem</strong></span> <span class='ocrx_word' id='word_1_91' title='bbox 825 1641 930 1703; x_wconf 87' lang='lat' dir='ltr'><strong>divisit</strong></span> <span class='ocrx_word' id='word_1_92' title='bbox 942 1643 1121 1704; x_wconf 84' lang='lat' dir='ltr'><strong>exercitum.</strong></span> 
     </span>
     <span class='ocr_line' id='line_1_14' title="bbox 61 1740 1121 1822; baseline 0 -22"><span class='ocrx_word' id='word_1_93' title='bbox 61 1740 133 1820; x_wconf 90' lang='lat' dir='ltr'><strong>lpse</strong></span> <span class='ocrx_word' id='word_1_94' title='bbox 161 1746 264 1801; x_wconf 90' lang='lat' dir='ltr'><strong>autem</strong></span> <span class='ocrx_word' id='word_1_95' title='bbox 292 1759 361 1802; x_wconf 92' lang='lat' dir='ltr'><strong>cum</strong></span> <span class='ocrx_word' id='word_1_96' title='bbox 390 1741 565 1803; x_wconf 79' lang='lat' dir='ltr'><strong>fortissimis</strong></span> <span class='ocrx_word' id='word_1_97' title='bbox 591 1740 764 1822; x_wconf 85' lang='lat' dir='ltr'><strong>proiectus,</strong></span> <span class='ocrx_word' id='word_1_98' title='bbox 795 1741 905 1802; x_wconf 90' lang='lat' dir='ltr'><strong>multas</strong></span> <span class='ocrx_word' id='word_1_99' title='bbox 938 1741 1121 1815; x_wconf 87' lang='lat' dir='ltr'><strong>Cherronesi</strong></span> 
     </span>
     <span class='ocr_line' id='line_1_15' title="bbox 62 1831 1119 1923; baseline 0.001 -23"><span class='ocrx_word' id='word_1_100' title='bbox 62 1841 160 1902; x_wconf 90' lang='lat' dir='ltr'><strong>urbes</strong></span> <span class='ocrx_word' id='word_1_101' title='bbox 182 1841 280 1920; x_wconf 85' lang='lat' dir='ltr'><strong>cepit:</strong></span> <span class='ocrx_word' id='word_1_102' title='bbox 304 1831 534 1923; x_wconf 78' lang='lat' dir='ltr'><strong>profligatisque</strong></span> <span class='ocrx_word' id='word_1_103' title='bbox 556 1841 677 1922; x_wconf 91' lang='lat' dir='ltr'><strong>populis</strong></span> <span class='ocrx_word' id='word_1_104' title='bbox 699 1858 774 1921; x_wconf 93' lang='lat' dir='ltr'><strong>opes</strong></span> <span class='ocrx_word' id='word_1_105' title='bbox 796 1840 928 1903; x_wconf 88' lang='lat' dir='ltr'><strong>abstulit.</strong></span> <span class='ocrx_word' id='word_1_106' title='bbox 965 1839 1013 1902; x_wconf 87' lang='lat' dir='ltr'><strong>Ad</strong></span> <span class='ocrx_word' id='word_1_107' title='bbox 1037 1837 1119 1920; x_wconf 77' lang='lat' dir='ltr'><strong>Scy-</strong></span> 
     </span>
     <span class='ocr_line' id='line_1_16' title="bbox 62 1939 1118 2021; baseline 0 -21"><span class='ocrx_word' id='word_1_108' title='bbox 62 1939 158 2001; x_wconf 87' lang='lat' dir='ltr'><strong>thiam</strong></span> <span class='ocrx_word' id='word_1_109' title='bbox 188 1958 314 2021; x_wconf 87' lang='lat' dir='ltr'><strong>quoqne</strong></span> <span class='ocrx_word' id='word_1_110' title='bbox 339 1960 410 2004; x_wconf 91' lang='lat' dir='ltr'><strong>cum</strong></span> <span class='ocrx_word' id='word_1_111' title='bbox 442 1941 620 2004; x_wconf 82' lang='lat' dir='ltr'><strong>Alexandro</strong></span> <span class='ocrx_word' id='word_1_112' title='bbox 652 1940 716 2003; x_wconf 86' lang='lat' dir='ltr'><strong>lilio</strong></span> <span class='ocrx_word' id='word_1_113' title='bbox 747 1939 913 2020; x_wconf 89' lang='lat' dir='ltr'><strong>praedandi</strong></span> <span class='ocrx_word' id='word_1_114' title='bbox 945 1939 1118 2001; x_wconf 90' lang='lat' dir='ltr'><strong>intentione</strong></span> 
     </span>
     <span class='ocr_line' id='line_1_17' title="bbox 60 2038 1116 2124; baseline 0.001 -23"><span class='ocrx_word' id='word_1_115' title='bbox 60 2042 249 2118; x_wconf 89' lang='lat' dir='ltr'><strong>pertransiit.</strong></span> <span class='ocrx_word' id='word_1_116' title='bbox 291 2041 412 2122; x_wconf 83' lang='lat' dir='ltr'><strong>Scythis</strong></span> <span class='ocrx_word' id='word_1_117' title='bbox 434 2050 507 2104; x_wconf 90' lang='lat' dir='ltr'><strong>tunc</strong></span> <span class='ocrx_word' id='word_1_118' title='bbox 522 2041 637 2104; x_wconf 82' lang='lat' dir='ltr'><strong>Atheas</strong></span> <span class='ocrx_word' id='word_1_119' title='bbox 658 2041 822 2124; x_wconf 80' lang='lat' dir='ltr'><strong>regnabat:</strong></span> <span class='ocrx_word' id='word_1_120' title='bbox 847 2041 900 2120; x_wconf 85' lang='lat' dir='ltr'><strong>qui</strong></span> <span class='ocrx_word' id='word_1_121' title='bbox 922 2058 991 2102; x_wconf 90' lang='lat' dir='ltr'><strong>cum</strong></span> <span class='ocrx_word' id='word_1_122' title='bbox 1007 2038 1116 2102; x_wconf 86' lang='lat' dir='ltr'><strong>istria-</strong></span> 
     </span>
     <span class='ocr_line' id='line_1_18' title="bbox 62 2138 1117 2223; baseline -0.001 -24"><span class='ocrx_word' id='word_1_123' title='bbox 62 2157 174 2202; x_wconf 91' lang='lat' dir='ltr'><strong>norum</strong></span> <span class='ocrx_word' id='word_1_124' title='bbox 198 2141 281 2203; x_wconf 90' lang='lat' dir='ltr'><strong>bello</strong></span> <span class='ocrx_word' id='word_1_125' title='bbox 301 2149 511 2223; x_wconf 88' lang='lat' dir='ltr'><strong>premeretur,</strong></span> <span class='ocrx_word' id='word_1_126' title='bbox 538 2142 687 2204; x_wconf 80' lang='lat' dir='ltr'><strong>auxilium</strong></span> <span class='ocrx_word' id='word_1_127' title='bbox 710 2159 728 2203; x_wconf 94' lang='lat' dir='ltr'><strong>a</strong></span> <span class='ocrx_word' id='word_1_128' title='bbox 748 2141 884 2221; x_wconf 92' lang='lat' dir='ltr'><strong>Philippo</strong></span> <span class='ocrx_word' id='word_1_129' title='bbox 907 2157 963 2220; x_wconf 92' lang='lat' dir='ltr'><strong>per</strong></span> <span class='ocrx_word' id='word_1_130' title='bbox 983 2138 1117 2220; x_wconf 83' lang='lat' dir='ltr'><strong>Apollo·</strong></span> 
     </span>
     <span class='ocr_line' id='line_1_19' title="bbox 61 2240 1117 2321; baseline -0.002 -21"><span class='ocrx_word' id='word_1_131' title='bbox 61 2240 188 2303; x_wconf 85' lang='lat' dir='ltr'><strong>aienses</strong></span> <span class='ocrx_word' id='word_1_132' title='bbox 215 2244 318 2321; x_wconf 81' lang='lat' dir='ltr'><strong>petiit:</strong></span> <span class='ocrx_word' id='word_1_133' title='bbox 351 2244 407 2306; x_wconf 89' lang='lat' dir='ltr'><strong>sed</strong></span> <span class='ocrx_word' id='word_1_134' title='bbox 432 2244 579 2306; x_wconf 90' lang='lat' dir='ltr'><strong>continno</strong></span> <span class='ocrx_word' id='word_1_135' title='bbox 607 2242 805 2305; x_wconf 89' lang='lat' dir='ltr'><strong>istrianorum</strong></span> <span class='ocrx_word' id='word_1_136' title='bbox 831 2258 908 2320; x_wconf 87' lang='lat' dir='ltr'><strong>rege</strong></span> <span class='ocrx_word' id='word_1_137' title='bbox 935 2245 1056 2300; x_wconf 86' lang='lat' dir='ltr'><strong>mortuo</strong></span> <span class='ocrx_word' id='word_1_138' title='bbox 1084 2242 1117 2298; x_wconf 94' lang='lat' dir='ltr'><strong>et</strong></span> 
     </span>
     <span class='ocr_line' id='line_1_20' title="bbox 59 2338 1115 2419; baseline -0.002 -20"><span class='ocrx_word' id='word_1_139' title='bbox 59 2339 136 2401; x_wconf 89' lang='lat' dir='ltr'><strong>belli</strong></span> <span class='ocrx_word' id='word_1_140' title='bbox 158 2349 241 2403; x_wconf 87' lang='lat' dir='ltr'><strong>metu</strong></span> <span class='ocrx_word' id='word_1_141' title='bbox 270 2351 302 2406; x_wconf 91' lang='lat' dir='ltr'><strong>et</strong></span> <span class='ocrx_word' id='word_1_142' title='bbox 327 2343 512 2406; x_wconf 86' lang='lat' dir='ltr'><strong>auxiliorum</strong></span> <span class='ocrx_word' id='word_1_143' title='bbox 539 2343 724 2404; x_wconf 90' lang='lat' dir='ltr'><strong>necessitate</strong></span> <span class='ocrx_word' id='word_1_144' title='bbox 751 2340 914 2416; x_wconf 88' lang='lat' dir='ltr'><strong>liberatus,</strong></span> <span class='ocrx_word' id='word_1_145' title='bbox 943 2338 1115 2419; x_wconf 87' lang='lat' dir='ltr'><strong>pactionem</strong></span> 
     </span>
     <span class='ocr_line' id='line_1_21' title="bbox 59 2437 1115 2522; baseline -0.004 -23"><span class='ocrx_word' id='word_1_146' title='bbox 59 2438 197 2503; x_wconf 87' lang='lat' dir='ltr'><strong>loederis</strong></span> <span class='ocrx_word' id='word_1_147' title='bbox 219 2460 288 2504; x_wconf 91' lang='lat' dir='ltr'><strong>cnm</strong></span> <span class='ocrx_word' id='word_1_148' title='bbox 304 2443 440 2522; x_wconf 88' lang='lat' dir='ltr'><strong>Philippo</strong></span> <span class='ocrx_word' id='word_1_149' title='bbox 461 2441 595 2502; x_wconf 88' lang='lat' dir='ltr'><strong>habitam</strong></span> <span class='ocrx_word' id='word_1_150' title='bbox 617 2441 766 2502; x_wconf 78' lang='lat' dir='ltr'><strong>dissolvit</strong></span> <span class='ocrx_word' id='word_1_151' title='bbox 803 2438 968 2516; x_wconf 89' lang='lat' dir='ltr'><strong>Philippus,</strong></span> <span class='ocrx_word' id='word_1_152' title='bbox 991 2437 1115 2497; x_wconf 90' lang='lat' dir='ltr'><strong>dimissa</strong></span> 
     </span>
     <span class='ocr_line' id='line_1_22' title="bbox 59 2534 1113 2624; baseline -0.008 -23"><span class='ocrx_word' id='word_1_153' title='bbox 59 2539 223 2603; x_wconf 90' lang='lat' dir='ltr'><strong>obsidione</strong></span> <span class='ocrx_word' id='word_1_154' title='bbox 245 2543 400 2624; x_wconf 76' lang='lat' dir='ltr'><strong>Byzantii,</strong></span> <span class='ocrx_word' id='word_1_155' title='bbox 429 2539 604 2621; x_wconf 81' lang='lat' dir='ltr'><strong>Scytbicum</strong></span> <span class='ocrx_word' id='word_1_156' title='bbox 627 2538 743 2601; x_wconf 88' lang='lat' dir='ltr'><strong>bellum</strong></span> <span class='ocrx_word' id='word_1_157' title='bbox 764 2536 836 2598; x_wconf 88' lang='lat' dir='ltr'><strong>totis</strong></span> <span class='ocrx_word' id='word_1_158' title='bbox 858 2534 975 2596; x_wconf 88' lang='lat' dir='ltr'><strong>viribus</strong></span> <span class='ocrx_word' id='word_1_159' title='bbox 997 2535 1113 2615; x_wconf 88' lang='lat' dir='ltr'><strong>adgre-</strong></span> 
     </span>
     <span class='ocr_line' id='line_1_23' title="bbox 60 2635 1114 2722; baseline -0.007 -21"><span class='ocrx_word' id='word_1_160' title='bbox 60 2641 159 2716; x_wconf 81' lang='lat' dir='ltr'><strong>ditur3</strong></span> <span class='ocrx_word' id='word_1_161' title='bbox 193 2643 418 2722; x_wconf 85' lang='lat' dir='ltr'><strong>commissoque</strong></span> <span class='ocrx_word' id='word_1_162' title='bbox 450 2639 567 2721; x_wconf 88' lang='lat' dir='ltr'><strong>praelio</strong></span> <span class='ocrx_word' id='word_1_163' title='bbox 599 2655 668 2700; x_wconf 90' lang='lat' dir='ltr'><strong>cum</strong></span> <span class='ocrx_word' id='word_1_164' title='bbox 703 2635 834 2718; x_wconf 82' lang='lat' dir='ltr'><strong>Scythae</strong></span> <span class='ocrx_word' id='word_1_165' title='bbox 867 2643 899 2698; x_wconf 91' lang='lat' dir='ltr'><strong>et</strong></span> <span class='ocrx_word' id='word_1_166' title='bbox 926 2650 1056 2696; x_wconf 91' lang='lat' dir='ltr'><strong>numero</strong></span> <span class='ocrx_word' id='word_1_167' title='bbox 1083 2638 1114 2694; x_wconf 88' lang='lat' dir='ltr'><strong>et</strong></span> 
     </span>
     <span class='ocr_line' id='line_1_24' title="bbox 60 2735 1114 2822; baseline -0.003 -23"><span class='ocrx_word' id='word_1_168' title='bbox 60 2742 175 2803; x_wconf 84' lang='lat' dir='ltr'><strong>virtute</strong></span> <span class='ocrx_word' id='word_1_169' title='bbox 190 2749 401 2822; x_wconf 85' lang='lat' dir='ltr'><strong>praestarent,</strong></span> <span class='ocrx_word' id='word_1_170' title='bbox 412 2742 541 2820; x_wconf 90' lang='lat' dir='ltr'><strong>Philippi</strong></span> <span class='ocrx_word' id='word_1_171' title='bbox 555 2737 663 2801; x_wconf 81' lang='lat' dir='ltr'><strong>frande</strong></span> <span class='ocrx_word' id='word_1_172' title='bbox 678 2738 852 2800; x_wconf 89' lang='lat' dir='ltr'><strong>vincuntur.</strong></span> <span class='ocrx_word' id='word_1_173' title='bbox 895 2735 930 2796; x_wconf 95' lang='lat' dir='ltr'><strong>ln</strong></span> <span class='ocrx_word' id='word_1_174' title='bbox 952 2753 989 2797; x_wconf 92' lang='lat' dir='ltr'><strong>ea</strong></span> <span class='ocrx_word' id='word_1_175' title='bbox 1011 2751 1114 2815; x_wconf 88' lang='lat' dir='ltr'><strong>pugna</strong></span> 
     </span>
     <span class='ocr_line' id='line_1_25' title="bbox 59 2834 1112 2924; baseline -0.007 -23"><span class='ocrx_word' id='word_1_176' title='bbox 59 2842 171 2922; x_wconf 88' lang='lat' dir='ltr'><strong>viginti</strong></span> <span class='ocrx_word' id='word_1_177' title='bbox 203 2843 298 2905; x_wconf 92' lang='lat' dir='ltr'><strong>millia</strong></span> <span class='ocrx_word' id='word_1_178' title='bbox 329 2860 494 2924; x_wconf 91' lang='lat' dir='ltr'><strong>puerorum</strong></span> <span class='ocrx_word' id='word_1_179' title='bbox 527 2859 563 2902; x_wconf 90' lang='lat' dir='ltr'><strong>ac</strong></span> <span class='ocrx_word' id='word_1_180' title='bbox 591 2837 793 2900; x_wconf 82' lang='lat' dir='ltr'><strong>foeminarum</strong></span> <span class='ocrx_word' id='word_1_181' title='bbox 823 2834 984 2916; x_wconf 80' lang='lat' dir='ltr'><strong>Scythicae</strong></span> <span class='ocrx_word' id='word_1_182' title='bbox 1010 2835 1112 2915; x_wconf 84' lang='lat' dir='ltr'><strong>gentis</strong></span> 
     </span>
     <span class='ocr_line' id='line_1_26' title="bbox 59 2933 1113 3024; baseline -0.008 -23"><span class='ocrx_word' id='word_1_183' title='bbox 59 2948 163 3020; x_wconf 87' lang='lat' dir='ltr'><strong>capta,</strong></span> <span class='ocrx_word' id='word_1_184' title='bbox 190 2960 336 3022; x_wconf 90' lang='lat' dir='ltr'><strong>pecorum</strong></span> <span class='ocrx_word' id='word_1_185' title='bbox 363 2960 472 3024; x_wconf 85' lang='lat' dir='ltr'><strong>magna</strong></span> <span class='ocrx_word' id='word_1_186' title='bbox 500 2941 588 3020; x_wconf 90' lang='lat' dir='ltr'><strong>copia</strong></span> <span class='ocrx_word' id='word_1_187' title='bbox 616 2939 765 3017; x_wconf 90' lang='lat' dir='ltr'><strong>abducta,</strong></span> <span class='ocrx_word' id='word_1_188' title='bbox 787 2937 969 3014; x_wconf 81' lang='lat' dir='ltr'><strong>uariatque</strong></span> <span class='ocrx_word' id='word_1_189' title='bbox 991 2933 1113 3016; x_wconf 86' lang='lat' dir='ltr'><strong>argenti</strong></span> 
     </span>
     <span class='ocr_line' id='line_1_27' title="bbox 59 3021 1130 3123; baseline -0.007 -22"><span class='ocrx_word' id='word_1_190' title='bbox 59 3041 136 3102; x_wconf 91' lang='lat' dir='ltr'><strong>nihil</strong></span> <span class='ocrx_word' id='word_1_191' title='bbox 163 3050 335 3123; x_wconf 84' lang='lat' dir='ltr'><strong>repertum:</strong></span> <span class='ocrx_word' id='word_1_192' title='bbox 364 3051 396 3106; x_wconf 87' lang='lat' dir='ltr'><strong>et</strong></span> <span class='ocrx_word' id='word_1_193' title='bbox 423 3061 460 3104; x_wconf 90' lang='lat' dir='ltr'><strong>ea</strong></span> <span class='ocrx_word' id='word_1_194' title='bbox 485 3060 537 3105; x_wconf 91' lang='lat' dir='ltr'><strong>res</strong></span> <span class='ocrx_word' id='word_1_195' title='bbox 563 3042 661 3122; x_wconf 94' lang='lat' dir='ltr'><strong>primo</strong></span> <span class='ocrx_word' id='word_1_196' title='bbox 689 3038 779 3100; x_wconf 90' lang='lat' dir='ltr'><strong>iidem</strong></span> <span class='ocrx_word' id='word_1_197' title='bbox 802 3037 925 3117; x_wconf 91' lang='lat' dir='ltr'><strong>inopiae</strong></span> <span class='ocrx_word' id='word_1_198' title='bbox 949 3021 1130 3117; x_wconf 81' lang='lat' dir='ltr'><strong>Scytbicaa&#39;</strong></span> 
     </span>
     <span class='ocr_line' id='line_1_28' title="bbox 59 3132 1112 3226; baseline -0.006 -26"><span class='ocrx_word' id='word_1_199' title='bbox 59 3139 153 3202; x_wconf 89' lang='lat' dir='ltr'><strong>dedit.</strong></span> <span class='ocrx_word' id='word_1_200' title='bbox 197 3143 314 3226; x_wconf 87' lang='lat' dir='ltr'><strong>Viginti</strong></span> <span class='ocrx_word' id='word_1_201' title='bbox 341 3143 435 3204; x_wconf 93' lang='lat' dir='ltr'><strong>millia</strong></span> <span class='ocrx_word' id='word_1_202' title='bbox 457 3142 605 3203; x_wconf 89' lang='lat' dir='ltr'><strong>nobilium</strong></span> <span class='ocrx_word' id='word_1_203' title='bbox 628 3156 777 3220; x_wconf 90' lang='lat' dir='ltr'><strong>equarum</strong></span> <span class='ocrx_word' id='word_1_204' title='bbox 799 3136 980 3200; x_wconf 90' lang='lat' dir='ltr'><strong>sullieiendo</strong></span> <span class='ocrx_word' id='word_1_205' title='bbox 1002 3132 1112 3215; x_wconf 84' lang='lat' dir='ltr'><strong>generi</strong></span> 
     </span>
     <span class='ocr_line' id='line_1_29' title="bbox 58 3231 1110 3317; baseline -0.008 -17"><span class='ocrx_word' id='word_1_206' title='bbox 58 3240 90 3300; x_wconf 95' lang='lat' dir='ltr'><strong>in</strong></span> <span class='ocrx_word' id='word_1_207' title='bbox 114 3240 322 3306; x_wconf 80' lang='lat' dir='ltr'><strong>Macedoniam</strong></span> <span class='ocrx_word' id='word_1_208' title='bbox 344 3245 450 3317; x_wconf 89' lang='lat' dir='ltr'><strong>missa;</strong></span> <span class='ocrx_word' id='word_1_209' title='bbox 474 3242 529 3310; x_wconf 85' lang='lat' dir='ltr'><strong>sed</strong></span> <span class='ocrx_word' id='word_1_210' title='bbox 550 3240 719 3303; x_wconf 79' lang='lat' dir='ltr'><strong>reuertenti</strong></span> <span class='ocrx_word' id='word_1_211' title='bbox 734 3237 870 3316; x_wconf 87' lang='lat' dir='ltr'><strong>Philippo</strong></span> <span class='ocrx_word' id='word_1_212' title='bbox 885 3233 1011 3294; x_wconf 82' lang='lat' dir='ltr'><strong>Triballi</strong></span> <span class='ocrx_word' id='word_1_213' title='bbox 1027 3231 1110 3293; x_wconf 92' lang='lat' dir='ltr'><strong>bello</strong></span> 
     </span>
     <span class='ocr_line' id='line_1_30' title="bbox 57 3335 1111 3423; baseline -0.006 -23"><span class='ocrx_word' id='word_1_214' title='bbox 57 3340 195 3419; x_wconf 86' lang='lat' dir='ltr'><strong>obviant,</strong></span> <span class='ocrx_word' id='word_1_215' title='bbox 217 3344 249 3404; x_wconf 95' lang='lat' dir='ltr'><strong>in</strong></span> <span class='ocrx_word' id='word_1_216' title='bbox 271 3360 333 3423; x_wconf 86' lang='lat' dir='ltr'><strong>quo</strong></span> <span class='ocrx_word' id='word_1_217' title='bbox 356 3344 398 3404; x_wconf 89' lang='lat' dir='ltr'><strong>ita</strong></span> <span class='ocrx_word' id='word_1_218' title='bbox 418 3342 573 3420; x_wconf 91' lang='lat' dir='ltr'><strong>Philippus</strong></span> <span class='ocrx_word' id='word_1_219' title='bbox 594 3342 627 3401; x_wconf 94' lang='lat' dir='ltr'><strong>in</strong></span> <span class='ocrx_word' id='word_1_220' title='bbox 649 3337 766 3400; x_wconf 86' lang='lat' dir='ltr'><strong>femore</strong></span> <span class='ocrx_word' id='word_1_221' title='bbox 789 3335 968 3396; x_wconf 83' lang='lat' dir='ltr'><strong>vulneratus</strong></span> <span class='ocrx_word' id='word_1_222' title='bbox 990 3340 1047 3410; x_wconf 91' lang='lat' dir='ltr'><strong>est,</strong></span> <span class='ocrx_word' id='word_1_223' title='bbox 1076 3339 1111 3395; x_wconf 90' lang='lat' dir='ltr'><strong>nt</strong></span> 
     </span>
     <span class='ocr_line' id='line_1_31' title="bbox 56 3435 1110 3523; baseline -0.008 -21"><span class='ocrx_word' id='word_1_224' title='bbox 56 3459 114 3520; x_wconf 89' lang='lat' dir='ltr'><strong>per</strong></span> <span class='ocrx_word' id='word_1_225' title='bbox 135 3459 246 3521; x_wconf 93' lang='lat' dir='ltr'><strong>corpus</strong></span> <span class='ocrx_word' id='word_1_226' title='bbox 267 3445 333 3523; x_wconf 86' lang='lat' dir='ltr'><strong>ojus</strong></span> <span class='ocrx_word' id='word_1_227' title='bbox 354 3457 453 3521; x_wconf 90' lang='lat' dir='ltr'><strong>equus</strong></span> <span class='ocrx_word' id='word_1_228' title='bbox 469 3440 703 3502; x_wconf 83' lang='lat' dir='ltr'><strong>interficeretur.</strong></span> <span class='ocrx_word' id='word_1_229' title='bbox 748 3435 823 3499; x_wconf 83' lang='lat' dir='ltr'><strong>Cum</strong></span> <span class='ocrx_word' id='word_1_230' title='bbox 845 3452 952 3498; x_wconf 90' lang='lat' dir='ltr'><strong>omnes</strong></span> <span class='ocrx_word' id='word_1_231' title='bbox 974 3435 1110 3498; x_wconf 89' lang='lat' dir='ltr'><strong>occisum</strong></span> 
     </span>
     <span class='ocr_line' id='line_1_32' title="bbox 57 3532 1111 3624; baseline -0.009 -21"><span class='ocrx_word' id='word_1_232' title='bbox 57 3549 211 3621; x_wconf 88' lang='lat' dir='ltr'><strong>putarent,</strong></span> <span class='ocrx_word' id='word_1_233' title='bbox 233 3543 266 3604; x_wconf 90' lang='lat' dir='ltr'><strong>in</strong></span> <span class='ocrx_word' id='word_1_234' title='bbox 287 3542 391 3624; x_wconf 86' lang='lat' dir='ltr'><strong>lugam</strong></span> <span class='ocrx_word' id='word_1_235' title='bbox 413 3542 506 3620; x_wconf 89' lang='lat' dir='ltr'><strong>versi,</strong></span> <span class='ocrx_word' id='word_1_236' title='bbox 528 3540 670 3620; x_wconf 90' lang='lat' dir='ltr'><strong>praedam</strong></span> <span class='ocrx_word' id='word_1_237' title='bbox 693 3539 869 3600; x_wconf 88' lang='lat' dir='ltr'><strong>amiserunt.</strong></span> <span class='ocrx_word' id='word_1_238' title='bbox 912 3532 1111 3616; x_wconf 83' lang='lat' dir='ltr'><strong>Aliquantula</strong></span> 
     </span>
     <span class='ocr_line' id='line_1_33' title="bbox 58 3632 1108 3719; baseline -0.012 -17"><span class='ocrx_word' id='word_1_239' title='bbox 58 3642 172 3704; x_wconf 83' lang='lat' dir='ltr'><strong>deinde</strong></span> <span class='ocrx_word' id='word_1_240' title='bbox 194 3661 278 3706; x_wconf 93' lang='lat' dir='ltr'><strong>mora</strong></span> <span class='ocrx_word' id='word_1_241' title='bbox 301 3644 371 3706; x_wconf 91' lang='lat' dir='ltr'><strong>dum</strong></span> <span class='ocrx_word' id='word_1_242' title='bbox 395 3644 582 3706; x_wconf 89' lang='lat' dir='ltr'><strong>convalescit</strong></span> <span class='ocrx_word' id='word_1_243' title='bbox 603 3641 766 3704; x_wconf 90' lang='lat' dir='ltr'><strong>avulnere</strong></span> <span class='ocrx_word' id='word_1_244' title='bbox 782 3641 813 3702; x_wconf 93' lang='lat' dir='ltr'><strong>in</strong></span> <span class='ocrx_word' id='word_1_245' title='bbox 829 3657 904 3719; x_wconf 91' lang='lat' dir='ltr'><strong>pace</strong></span> <span class='ocrx_word' id='word_1_246' title='bbox 920 3632 1108 3716; x_wconf 88' lang='lat' dir='ltr'><strong>conquievit.</strong></span> 
     </span>
     <span class='ocr_line' id='line_1_34' title="bbox 59 3730 1109 3821; baseline -0.015 -16"><span class='ocrx_word' id='word_1_247' title='bbox 59 3742 168 3805; x_wconf 90' lang='lat' dir='ltr'><strong>Statim</strong></span> <span class='ocrx_word' id='word_1_248' title='bbox 189 3761 264 3806; x_wconf 88' lang='lat' dir='ltr'><strong>vero</strong></span> <span class='ocrx_word' id='word_1_249' title='bbox 286 3752 321 3805; x_wconf 88' lang='lat' dir='ltr'><strong>ut</strong></span> <span class='ocrx_word' id='word_1_250' title='bbox 342 3744 509 3821; x_wconf 90' lang='lat' dir='ltr'><strong>convaluit,</strong></span> <span class='ocrx_word' id='word_1_251' title='bbox 531 3741 773 3806; x_wconf 90' lang='lat' dir='ltr'><strong>Atheniensibus</strong></span> <span class='ocrx_word' id='word_1_252' title='bbox 788 3740 902 3802; x_wconf 91' lang='lat' dir='ltr'><strong>bellum</strong></span> <span class='ocrx_word' id='word_1_253' title='bbox 917 3735 1032 3799; x_wconf 88' lang='lat' dir='ltr'><strong>intulit:</strong></span> <span class='ocrx_word' id='word_1_254' title='bbox 1055 3730 1109 3808; x_wconf 91' lang='lat' dir='ltr'><strong>qui</strong></span> 
     </span>
     <span class='ocr_line' id='line_1_35' title="bbox 58 3824 1107 3925; baseline -0.009 -22"><span class='ocrx_word' id='word_1_255' title='bbox 58 3843 90 3903; x_wconf 90' lang='lat' dir='ltr'><strong>in</strong></span> <span class='ocrx_word' id='word_1_256' title='bbox 113 3851 198 3906; x_wconf 90' lang='lat' dir='ltr'><strong>tanto</strong></span> <span class='ocrx_word' id='word_1_257' title='bbox 220 3845 396 3907; x_wconf 69' lang='lat' dir='ltr'><strong>diserimne</strong></span> <span class='ocrx_word' id='word_1_258' title='bbox 412 3845 502 3925; x_wconf 89' lang='lat' dir='ltr'><strong>positi</strong></span> <span class='ocrx_word' id='word_1_259' title='bbox 517 3843 689 3921; x_wconf 85' lang='lat' dir='ltr'><strong>Thebanos,</strong></span> <span class='ocrx_word' id='word_1_260' title='bbox 713 3840 864 3922; x_wconf 88' lang='lat' dir='ltr'><strong>quondam</strong></span> <span class='ocrx_word' id='word_1_261' title='bbox 879 3839 994 3909; x_wconf 85' lang='lat' dir='ltr'><strong>hostes,</strong></span> <span class='ocrx_word' id='word_1_262' title='bbox 1017 3824 1107 3904; x_wconf 67' lang='lat' dir='ltr'><strong>[lib]</strong></span> 
     </span>
     <span class='ocr_line' id='line_1_36' title="bbox 59 3929 1107 4024; baseline -0.011 -21"><span class='ocrx_word' id='word_1_263' title='bbox 59 3949 132 4006; x_wconf 92' lang='lat' dir='ltr'><strong>tunc</strong></span> <span class='ocrx_word' id='word_1_264' title='bbox 153 3945 256 4008; x_wconf 92' lang='lat' dir='ltr'><strong>socios</strong></span> <span class='ocrx_word' id='word_1_265' title='bbox 277 3944 466 4008; x_wconf 88' lang='lat' dir='ltr'><strong>adsciscunt:</strong></span> <span class='ocrx_word' id='word_1_266' title='bbox 497 3946 652 4024; x_wconf 87' lang='lat' dir='ltr'><strong>totiusque</strong></span> <span class='ocrx_word' id='word_1_267' title='bbox 680 3940 827 4004; x_wconf 89' lang='lat' dir='ltr'><strong>Graeciae</strong></span> <span class='ocrx_word' id='word_1_268' title='bbox 855 3935 994 3999; x_wconf 88' lang='lat' dir='ltr'><strong>civitates</strong></span> <span class='ocrx_word' id='word_1_269' title='bbox 1016 3929 1107 4012; x_wconf 82' lang='lat' dir='ltr'><strong>lega-</strong></span> 
     </span>
    </p>
   </div>
   <div class='ocr_carea' id='block_1_3' title="bbox 0 0 1322 4434">
    <p class='ocr_par' dir='ltr' id='par_1_3' title="bbox 0 0 1322 4434">
     <span class='ocr_line' id='line_1_37' title="bbox 0 0 1322 4434; baseline 0 3"><span class='ocrx_word' id='word_1_270' title='bbox 0 0 1322 4434; x_wconf 95' lang='lat' dir='ltr'><strong> </strong></span> 
     </span>
    </p>
   </div>
  </div>
 </body>
</html>
