2634 4434
602 311 808 424 Q..-

178 545 221 607 lio
244 544 405 611 interiecta
428 554 596 612 narrantur.
638 550 862 614 'tertiodecimo
885 554 987 610 autem
1010 565 1092 610 anno
1116 550 1244 630 imperii

178 645 331 725 Valentis,
359 647 418 710 boc
440 655 502 710 cst:
525 667 621 730 parvo
643 658 781 731 tempore
803 655 908 730 postea
930 667 1021 728 quam
1044 648 1162 711 Valens
1185 667 1245 730 per

179 753 276 808 totum
314 748 472 811 Orientem
511 750 718 814 Ecclesiarum
754 750 957 815 lacerationes
994 757 1244 830 sanctorumque

180 849 292 910 caedes
318 855 441 931 egerat,
470 851 557 913 radix
584 852 635 914 illa
663 852 852 914 miseriarum
876 857 1046 912 nostrarum
1070 849 1243 930 opiosissi-

179 948 246 1009 mos
268 949 358 1011 simul
387 948 514 1014 frutices
540 953 738 1034 germinavit:
767 951 919 1032 siquidem
942 968 1019 1032 gens
1042 951 1242 1029 Hunnorum,

181 1050 234 1110 diu
263 1049 430 1114 inaccessis
457 1052 577 1116 seclusa
606 1055 775 1132 montibus,
808 1052 969 1132 repentina
995 1051 1082 1113 rabie
1109 1053 1242 1132 percita,

180 1151 295 1212 exarsit
317 1152 348 1212 in
372 1149 503 1231 Gothos,
532 1171 649 1234 eosque
671 1155 797 1236 sparsim
821 1152 1018 1216 conturbatos
1040 1152 1078 1214 ab
1102 1153 1243 1232 antiquis

180 1250 307 1314 sedibus
330 1252 455 1333 expulit.
500 1254 589 1316 Gothi
613 1258 739 1318 transito
761 1255 903 1318 Danubio
925 1253 1097 1335 fugientes,
1125 1272 1144 1315 a
1171 1253 1241 1315 Va-

141 1388 143 1390 ψ
181 1349 266 1413 lente
287 1353 356 1416 sine
378 1354 440 1416 ulla
461 1353 597 1418 laederis
619 1357 761 1434 pactione
777 1357 922 1436 suscepti,
946 1373 986 1416 ne
1002 1372 1084 1417 arma
1100 1353 1241 1435 quidem,

182 1469 243 1531 quo
266 1456 361 1515 tutius
383 1455 520 1518 barbaris
542 1458 732 1534 crederetur,
756 1457 909 1519 tradidere
930 1456 1093 1517 Romanis:
1116 1454 1241 1517 Deinde

182 1549 272 1626 [553]
296 1562 419 1636 propter
439 1558 664 1621 intolerabilem
687 1559 843 1620 avaritiam
872 1556 994 1619 Maximi
1023 1557 1127 1632 dueis,
1156 1554 1241 1618 lame

181 1661 214 1714 et
235 1653 355 1734 injuriis
377 1657 487 1736 adacti,
510 1659 541 1720 in
564 1677 647 1721 arma
669 1665 843 1744 surgentes,
873 1659 956 1719 victo
978 1657 1116 1718 Valentis
1139 1675 1240 1718 exer-

105 1820 111 1842 ,
181 1755 260 1832 citu,
291 1747 523 1834 per'Tbraciam
546 1761 819 1836 sese‘miscentes,
842 1756 932 1820 simol
955 1758 1056 1820 omnia
1078 1757 1239 1836 caedibus,

178 1855 332 1918 incendiis
363 1860 541 1940 rapinisque
569 1859 739 1922 foedarunt.
784 1859 896 1922 Valens
925 1875 1069 1940 egressus
1097 1859 1136 1921 de
1164 1859 1240 1919 An-

179 1955 309 2033 tiochia,
337 1976 406 2021 cum
433 1960 540 2024 ultima
568 1961 702 2024 infelicis
732 1960 804 2023 belli
831 1967 914 2022 sorte
947 1959 1134 2036 traheretur,
1168 1977 1241 2021 sera

180 2058 300 2134 peccati
323 2061 446 2122 maxiani
468 2063 657 2141 poenitentia
681 2061 863 2138 stimulatus,
885 2060 1052 2141 Episcopos
1074 2067 1239 2123 caeteros-

182 2174 244 2236 que
266 2167 388 2222 saoctos
411 2164 551 2224 revocari
573 2163 612 2225 de
634 2162 736 2224 exiliis
759 2163 928 2242 imperavit.
964 2161 1071 2242 ltaque
1094 2161 1240 2223 decimo-

183 2259 290 2336 quinto
313 2259 433 2341 imperii
455 2265 504 2326 sui
525 2281 606 2325 anno
628 2253 913 2326 lacrimabile'itlud
933 2260 1047 2324 bellurn
1063 2261 1241 2343 in'lhracia

183 2374 252 2418 cum
277 2356 382 2424 Gothis
399 2364 462 2444 jam
484 2371 558 2425 tunc
578 2365 800 2426 exercitatione
820 2363 932 2424 virium
948 2380 1116 2442 rerumque
1129 2361 1239 2424 abun·-

184 2457 286 2522 dantia
309 2460 551 2526 instructissimis
572 2466 677 2548 gessit.
714 2465 771 2525 Ubi
796 2465 892 2544 primo
914 2463 1013 2525 statim
1036 2464 1153 2542 impetu
1170 2461 1239 2525 Go-

183 2559 304 2622 thorum
332 2565 526 2642 perturbatae
545 2566 750 2628 ltomanorum
773 2567 911 2647 equitum
935 2571 1052 2627 turmae
1075 2565 1157 2626 nuda
1178 2583 1241 2644 pe-

71 2671 75 2677 “
186 2659 281 2721 ditum
305 2663 471 2727 deseruere
493 2668 652 2746 praesidia.
688 2666 761 2728 Mox
782 2667 922 2750 legiones
945 2665 1080 2746 peditum
1102 2665 1243 2745 undique

186 2763 325 2840 equitatu
352 2765 483 2829 hostium
513 2769 649 2846 cinctae,
679 2786 715 2831 ac
742 2769 871 2848 primum
901 2766 1034 2830 nubibus
1063 2768 1242 2848 sagittarum

185 2861 325 2943 obrutae,
349 2866 472 2947 deinde,
495 2887 563 2930 cum
586 2876 725 2931 amentes
748 2877 830 2931 metu
853 2868 979 2948 sparsim
1002 2885 1057 2947 per
1076 2868 1241 2956 deviaco-

185 2974 351 3044 gerentur,
382 2967 519 3029 funditus
549 2985 674 3046 caesae,
696 2969 805 3048 gladiis
828 2969 1057 3049 insequentium
1081 2969 1243 3048 contisque

185 3066 354 3142 perierunt
398 3067 466 3148 lpse
487 3067 672 3154 Imperator,
700 3088 768 3132 cum
792 3071 900 3152 sagitta
923 3069 1046 3132 saueius
1069 3087 1243 3150 versusque

187 3165 220 3225 in
254 3164 357 3249 lugam
391 3187 486 3250 aegre
520 3171 552 3234 in
586 3170 743 3253 cujusdam
775 3170 902 3232 villulae
935 3187 1033 3232 casam
1068 3171 1265 3250 deportatus.

188 3264 312 3346 lateret,
346 3270 384 3332 ab
418 3271 653 3352 insequentibus
682 3271 821 3334 hostibus
849 3270 1075 3352 deprehensus,
1104 3271 1245 3353 subjecto

188 3369 263 3447 igne
292 3380 470 3434 consumtus
498 3381 560 3436 est:
590 3380 621 3434 et
644 3390 714 3453 quo
728 3374 825 3455 magis
848 3373 1055 3434 testimonium
1077 3373 1246 3450 punitionis

190 3469 257 3548 ejus
280 3479 311 3531 et
333 3472 455 3534 divinae
471 3473 689 3554 indignationis
705 3473 834 3536 terribili
849 3474 979 3554 posteris
995 3479 1078 3535 esset
1092 3473 1246 3553 exemplo,

139 3582 144 3586 ·
191 3571 282 3632 etiam
313 3574 467 3636 communi
497 3575 596 3636 caruit
622 3575 788 3656 sepultura.
833 3574 1016 3636 Consoletur
1041 3590 1093 3651 se,
1126 3574 1181 3635 sed
1214 3575 1247 3634 in

191 3671 251 3733 hoc
272 3671 348 3750 solo,
371 3674 543 3751 pervicacia
565 3677 751 3755 miseriaque
773 3674 946 3762 gentilium,
970 3674 1042 3755 quia
1058 3674 1247 3754 temporibus

192 3778 224 3832 et
245 3772 372 3853 regibus
400 3772 578 3836 Christianis
599 3783 703 3836 tantae
725 3775 816 3836 simul
838 3782 1004 3857 congestae
1027 3774 1131 3838 clades
1155 3792 1247 3855 pres·

192 3888 256 3935 saro
283 3872 471 3952 reipublicae
499 3892 669 3936 oneravere
697 3875 866 3937 cervicem:
902 3893 1030 3938 eversae
1058 3865 1248 3956 provinciae,

194 3972 314 4033 deletus
336 3975 501 4053 exercitus,
524 3973 691 4056 imperator
713 3976 868 4040 incensus.
905 3976 1048 4058 Magnum
1065 3994 1176 4040 revera
1192 3977 1249 4040 hoc
