<?xml version="1.0" encoding="UTF-8"?>
<!DOCTYPE html PUBLIC "-//W3C//DTD XHTML 1.0 Transitional//EN"
    "http://www.w3.org/TR/xhtml1/DTD/xhtml1-transitional.dtd">
<html xmlns="http://www.w3.org/1999/xhtml" xml:lang="en" lang="en">
 <head>
  <title>
</title>
<meta http-equiv="Content-Type" content="text/html;charset=utf-8" />
  <meta name='ocr-system' content='tesseract 3.04.00' />
  <meta name='ocr-capabilities' content='ocr_page ocr_carea ocr_par ocr_line ocrx_word'/>
</head>
<body>
  <div class='ocr_page' id='page_1' title='image "./pauliorosiipres00havegoog_0062.png"; bbox 0 0 2634 4434; ppageno 0'>
   <div class='ocr_carea' id='block_1_1' title="bbox 565 315 614 388">
    <p class='ocr_par' dir='ltr' id='par_1_1' title="bbox 565 315 614 388">
     <span class='ocr_line' id='line_1_1' title="bbox 565 315 614 388; baseline -0.02 0"><span class='ocrx_word' id='word_1_1' title='bbox 565 315 614 388; x_wconf 89' lang='lat'><strong>55</strong></span> 
     </span>
    </p>
   </div>
   <div class='ocr_carea' id='block_1_2' title="bbox 60 552 1118 1236">
    <p class='ocr_par' dir='ltr' id='par_1_2' title="bbox 60 552 1118 1236">
     <span class='ocr_line' id='line_1_2' title="bbox 65 552 1116 638; baseline 0.006 -23"><span class='ocrx_word' id='word_1_2' title='bbox 65 553 245 634; x_wconf 90' lang='lat' dir='ltr'><strong>compellor,</strong></span> <span class='ocrx_word' id='word_1_3' title='bbox 276 553 348 631; x_wconf 90' lang='lat' dir='ltr'><strong>scd,</strong></span> <span class='ocrx_word' id='word_1_4' title='bbox 381 552 462 614; x_wconf 88' lang='lat' dir='ltr'><strong>sicut</strong></span> <span class='ocrx_word' id='word_1_5' title='bbox 493 570 528 616; x_wconf 85' lang='lat' dir='ltr'><strong>sc</strong></span> <span class='ocrx_word' id='word_1_6' title='bbox 556 553 710 633; x_wconf 81' lang='lat' dir='ltr'><strong>quondum</strong></span> <span class='ocrx_word' id='word_1_7' title='bbox 737 553 973 621; x_wconf 70' lang='lat' dir='ltr'><strong>effervescentia</strong></span> <span class='ocrx_word' id='word_1_8' title='bbox 999 557 1116 638; x_wconf 84' lang='lat' dir='ltr'><strong>ubique</strong></span> 
     </span>
     <span class='ocr_line' id='line_1_3' title="bbox 64 651 1115 735; baseline 0.004 -21"><span class='ocrx_word' id='word_1_9' title='bbox 64 655 141 717; x_wconf 83' lang='lat' dir='ltr'><strong>melo</strong></span> <span class='ocrx_word' id='word_1_10' title='bbox 164 654 236 734; x_wconf 90' lang='lat' dir='ltr'><strong>ipsis</strong></span> <span class='ocrx_word' id='word_1_11' title='bbox 258 653 377 716; x_wconf 83' lang='lat' dir='ltr'><strong>actibus</strong></span> <span class='ocrx_word' id='word_1_12' title='bbox 399 651 600 734; x_wconf 75' lang='lat' dir='ltr'>colligarunt,</span> <span class='ocrx_word' id='word_1_13' title='bbox 623 655 665 716; x_wconf 83' lang='lat' dir='ltr'><strong>ita</strong></span> <span class='ocrx_word' id='word_1_14' title='bbox 686 655 778 717; x_wconf 83' lang='lat' dir='ltr'><strong>etiem</strong></span> <span class='ocrx_word' id='word_1_15' title='bbox 800 656 950 735; x_wconf 82' lang='lat' dir='ltr'><strong>permixte</strong></span> <span class='ocrx_word' id='word_1_16' title='bbox 971 656 1115 718; x_wconf 84' lang='lat' dir='ltr'><strong>releren-</strong></span> 
     </span>
     <span class='ocr_line' id='line_1_4' title="bbox 64 752 1115 836; baseline 0.001 -21"><span class='ocrx_word' id='word_1_17' title='bbox 64 761 128 816; x_wconf 89' lang='lat' dir='ltr'><strong>lur:</strong></span> <span class='ocrx_word' id='word_1_18' title='bbox 158 754 247 816; x_wconf 92' lang='lat' dir='ltr'><strong>nobis</strong></span> <span class='ocrx_word' id='word_1_19' title='bbox 275 755 388 834; x_wconf 90' lang='lat' dir='ltr'><strong>quippe</strong></span> <span class='ocrx_word' id='word_1_20' title='bbox 415 752 558 816; x_wconf 86' lang='lat' dir='ltr'><strong>conferre</strong></span> <span class='ocrx_word' id='word_1_21' title='bbox 581 755 663 818; x_wconf 90' lang='lat' dir='ltr'><strong>inter</strong></span> <span class='ocrx_word' id='word_1_22' title='bbox 684 771 720 818; x_wconf 90' lang='lat' dir='ltr'><strong>se</strong></span> <span class='ocrx_word' id='word_1_23' title='bbox 742 762 877 836; x_wconf 85' lang='lat' dir='ltr'><strong>tempore</strong></span> <span class='ocrx_word' id='word_1_24' title='bbox 900 754 1003 832; x_wconf 81' lang='lat' dir='ltr'>Orbis,</span> <span class='ocrx_word' id='word_1_25' title='bbox 1025 752 1115 832; x_wconf 85' lang='lat' dir='ltr'><strong>[llll]</strong></span> 
     </span>
     <span class='ocr_line' id='line_1_5' title="bbox 63 855 1116 936; baseline 0.004 -22"><span class='ocrx_word' id='word_1_26' title='bbox 63 872 124 916; x_wconf 93' lang='lat' dir='ltr'><strong>non</strong></span> <span class='ocrx_word' id='word_1_27' title='bbox 152 856 332 936; x_wconf 80' lang='lat' dir='ltr'><strong>cujusquam</strong></span> <span class='ocrx_word' id='word_1_28' title='bbox 363 855 455 936; x_wconf 86' lang='lat' dir='ltr'><strong>pertis</strong></span> <span class='ocrx_word' id='word_1_29' title='bbox 482 856 550 936; x_wconf 89' lang='lat' dir='ltr'><strong>ejus</strong></span> <span class='ocrx_word' id='word_1_30' title='bbox 579 855 736 919; x_wconf 80' lang='lat' dir='ltr'><strong>laboribus</strong></span> <span class='ocrx_word' id='word_1_31' title='bbox 757 855 906 918; x_wconf 80' lang='lat' dir='ltr'><strong>insultare</strong></span> <span class='ocrx_word' id='word_1_32' title='bbox 928 855 1116 936; x_wconf 85' lang='lat' dir='ltr'><strong>propositum</strong></span> 
     </span>
     <span class='ocr_line' id='line_1_6' title="bbox 62 953 1115 1038; baseline 0.002 -24"><span class='ocrx_word' id='word_1_33' title='bbox 62 953 119 1034; x_wconf 85' lang='lat' dir='ltr'><strong>est)</strong></span> <span class='ocrx_word' id='word_1_34' title='bbox 142 955 256 1020; x_wconf 82' lang='lat' dir='ltr'><strong>Romae</strong></span> <span class='ocrx_word' id='word_1_35' title='bbox 280 972 370 1036; x_wconf 86' lang='lat' dir='ltr'><strong>ergo,</strong></span> <span class='ocrx_word' id='word_1_36' title='bbox 398 963 466 1038; x_wconf 88' lang='lat' dir='ltr'><strong>post</strong></span> <span class='ocrx_word' id='word_1_37' title='bbox 493 953 605 1019; x_wconf 80' lang='lat' dir='ltr'><strong>Urbem</strong></span> <span class='ocrx_word' id='word_1_38' title='bbox 627 957 781 1020; x_wconf 86' lang='lat' dir='ltr'><strong>conditum</strong></span> <span class='ocrx_word' id='word_1_39' title='bbox 802 973 884 1019; x_wconf 82' lang='lat' dir='ltr'><strong>enno</strong></span> <span class='ocrx_word' id='word_1_40' title='bbox 907 955 1018 1019; x_wconf 82' lang='lat' dir='ltr'>CCXC.</span> <span class='ocrx_word' id='word_1_41' title='bbox 1040 971 1115 1018; x_wconf 88' lang='lat' dir='ltr'><strong>sus·</strong></span> 
     </span>
     <span class='ocr_line' id='line_1_7' title="bbox 60 1053 1118 1138; baseline 0 -22"><span class='ocrx_word' id='word_1_42' title='bbox 60 1073 158 1134; x_wconf 92' lang='lat' dir='ltr'><strong>penso</strong></span> <span class='ocrx_word' id='word_1_43' title='bbox 180 1055 217 1116; x_wconf 85' lang='lat' dir='ltr'><strong>ed</strong></span> <span class='ocrx_word' id='word_1_44' title='bbox 240 1056 393 1118; x_wconf 89' lang='lat' dir='ltr'><strong>modicum</strong></span> <span class='ocrx_word' id='word_1_45' title='bbox 415 1053 514 1134; x_wconf 89' lang='lat' dir='ltr'><strong>bello,</strong></span> <span class='ocrx_word' id='word_1_46' title='bbox 542 1059 646 1138; x_wconf 82' lang='lat' dir='ltr'><strong>gravis</strong></span> <span class='ocrx_word' id='word_1_47' title='bbox 674 1055 863 1137; x_wconf 75' lang='lat' dir='ltr'><strong>pestilentia,</strong></span> <span class='ocrx_word' id='word_1_48' title='bbox 892 1074 972 1135; x_wconf 83' lang='lat' dir='ltr'><strong>quoe</strong></span> <span class='ocrx_word' id='word_1_49' title='bbox 994 1073 1118 1136; x_wconf 80' lang='lat' dir='ltr'><strong>semper</strong></span> 
     </span>
     <span class='ocr_line' id='line_1_8' title="bbox 60 1155 1115 1236; baseline 0.002 -20"><span class='ocrx_word' id='word_1_50' title='bbox 60 1155 103 1216; x_wconf 92' lang='lat' dir='ltr'><strong>ibi</strong></span> <span class='ocrx_word' id='word_1_51' title='bbox 125 1174 210 1220; x_wconf 81' lang='lat' dir='ltr'><strong>renos</strong></span> <span class='ocrx_word' id='word_1_52' title='bbox 232 1155 372 1218; x_wconf 82' lang='lat' dir='ltr'><strong>inducias</strong></span> <span class='ocrx_word' id='word_1_53' title='bbox 394 1163 447 1218; x_wconf 85' lang='lat' dir='ltr'><strong>aut</strong></span> <span class='ocrx_word' id='word_1_54' title='bbox 468 1155 564 1220; x_wconf 84' lang='lat' dir='ltr'><strong>lectus</strong></span> <span class='ocrx_word' id='word_1_55' title='bbox 586 1157 760 1236; x_wconf 87' lang='lat' dir='ltr'><strong>intercepit,</strong></span> <span class='ocrx_word' id='word_1_56' title='bbox 782 1161 835 1218; x_wconf 85' lang='lat' dir='ltr'><strong>eut</strong></span> <span class='ocrx_word' id='word_1_57' title='bbox 856 1163 891 1218; x_wconf 90' lang='lat' dir='ltr'><strong>ut</strong></span> <span class='ocrx_word' id='word_1_58' title='bbox 912 1155 1115 1220; x_wconf 86' lang='lat' dir='ltr'><strong>lierentcoe-</strong></span> 
     </span>
    </p>
   </div>
   <div class='ocr_carea' id='block_1_3' title="bbox 57 1253 1291 1336">
    <p class='ocr_par' dir='ltr' id='par_1_3' title="bbox 57 1253 1291 1336">
     <span class='ocr_line' id='line_1_9' title="bbox 57 1253 1291 1336; baseline -0.006 -17"><span class='ocrx_word' id='word_1_59' title='bbox 57 1257 113 1336; x_wconf 85' lang='lat' dir='ltr'><strong>git,</strong></span> <span class='ocrx_word' id='word_1_60' title='bbox 137 1274 194 1336; x_wconf 85' lang='lat' dir='ltr'><strong>per</strong></span> <span class='ocrx_word' id='word_1_61' title='bbox 215 1257 389 1320; x_wconf 84' lang='lat' dir='ltr'><strong>universum</strong></span> <span class='ocrx_word' id='word_1_62' title='bbox 413 1257 569 1318; x_wconf 81' lang='lat' dir='ltr'><strong>civitatem</strong></span> <span class='ocrx_word' id='word_1_63' title='bbox 592 1256 747 1320; x_wconf 87' lang='lat' dir='ltr'><strong>violenter</strong></span> <span class='ocrx_word' id='word_1_64' title='bbox 765 1255 935 1332; x_wconf 78' lang='lat' dir='ltr'><strong>incanduit,</strong></span> <span class='ocrx_word' id='word_1_65' title='bbox 957 1256 1117 1319; x_wconf 84' lang='lat' dir='ltr'><strong>ulmerilo</strong></span> <span class='ocrx_word' id='word_1_66' title='bbox 1207 1256 1215 1297; x_wconf 67' lang='grc' dir='ltr'><em>ί</em></span> <span class='ocrx_word' id='word_1_67' title='bbox 1287 1253 1291 1289; x_wconf 80' lang='lat'>³</span> 
     </span>
    </p>
   </div>
   <div class='ocr_carea' id='block_1_4' title="bbox 56 1354 1202 1540">
    <p class='ocr_par' dir='ltr' id='par_1_4' title="bbox 56 1354 1202 1540">
     <span class='ocr_line' id='line_1_10' title="bbox 57 1354 1202 1438; baseline 0 -20"><span class='ocrx_word' id='word_1_68' title='bbox 57 1358 266 1436; x_wconf 75' lang='lat' dir='ltr'><strong>praecedente</strong></span> <span class='ocrx_word' id='word_1_69' title='bbox 299 1356 439 1438; x_wconf 79' lang='lat' dir='ltr'><strong>prodigio</strong></span> <span class='ocrx_word' id='word_1_70' title='bbox 472 1357 592 1420; x_wconf 88' lang='lat' dir='ltr'><strong>coelum</strong></span> <span class='ocrx_word' id='word_1_71' title='bbox 626 1359 737 1420; x_wconf 80' lang='lat' dir='ltr'><strong>ardere</strong></span> <span class='ocrx_word' id='word_1_72' title='bbox 769 1356 870 1418; x_wconf 84' lang='lat' dir='ltr'><strong>visum</strong></span> <span class='ocrx_word' id='word_1_73' title='bbox 903 1357 958 1433; x_wconf 90' lang='lat' dir='ltr'><strong>sit,</strong></span> <span class='ocrx_word' id='word_1_74' title='bbox 990 1354 1138 1435; x_wconf 61' lang='lat' dir='ltr'><strong>quaudo</strong></span> <span class='ocrx_word' id='word_1_75' title='bbox 1195 1385 1202 1405; x_wconf 69' lang='grc' dir='ltr'><em>ι</em></span> 
     </span>
     <span class='ocr_line' id='line_1_11' title="bbox 56 1455 1115 1540; baseline 0 -22"><span class='ocrx_word' id='word_1_76' title='bbox 56 1465 152 1537; x_wconf 82' lang='lat' dir='ltr'><strong>ceput</strong></span> <span class='ocrx_word' id='word_1_77' title='bbox 183 1457 325 1538; x_wconf 80' lang='lat' dir='ltr'><strong>gentium</strong></span> <span class='ocrx_word' id='word_1_78' title='bbox 358 1463 441 1520; x_wconf 82' lang='lat' dir='ltr'><strong>tanto</strong></span> <span class='ocrx_word' id='word_1_79' title='bbox 474 1457 650 1521; x_wconf 85' lang='lat' dir='ltr'><strong>morborum</strong></span> <span class='ocrx_word' id='word_1_80' title='bbox 678 1459 752 1540; x_wconf 76' lang='lat' dir='ltr'><strong>igne</strong></span> <span class='ocrx_word' id='word_1_81' title='bbox 779 1457 926 1539; x_wconf 73' lang='lat' dir='ltr'><strong>deguerit</strong></span> <span class='ocrx_word' id='word_1_82' title='bbox 969 1455 1047 1518; x_wconf 83' lang='lat' dir='ltr'><strong>Nam</strong></span> <span class='ocrx_word' id='word_1_83' title='bbox 1076 1468 1115 1518; x_wconf 91' lang='lat' dir='ltr'><strong>eo</strong></span> 
     </span>
    </p>
   </div>
   <div class='ocr_carea' id='block_1_5' title="bbox 56 1555 1233 1637">
    <p class='ocr_par' dir='ltr' id='par_1_5' title="bbox 56 1555 1233 1637">
     <span class='ocr_line' id='line_1_12' title="bbox 56 1555 1233 1637; baseline -0.008 -18"><span class='ocrx_word' id='word_1_84' title='bbox 56 1574 142 1620; x_wconf 81' lang='lat' dir='ltr'><strong>enno</strong></span> <span class='ocrx_word' id='word_1_85' title='bbox 165 1556 331 1618; x_wconf 79' lang='lat' dir='ltr'><strong>Aebutium</strong></span> <span class='ocrx_word' id='word_1_86' title='bbox 355 1563 387 1618; x_wconf 90' lang='lat' dir='ltr'><strong>et</strong></span> <span class='ocrx_word' id='word_1_87' title='bbox 408 1556 590 1633; x_wconf 86' lang='lat' dir='ltr'><strong>Servilium,</strong></span> <span class='ocrx_word' id='word_1_88' title='bbox 620 1557 726 1622; x_wconf 82' lang='lat' dir='ltr'><strong>umbos</strong></span> <span class='ocrx_word' id='word_1_89' title='bbox 752 1556 913 1634; x_wconf 84' lang='lat' dir='ltr'><strong>consules,</strong></span> <span class='ocrx_word' id='word_1_90' title='bbox 940 1555 1116 1637; x_wconf 85' lang='lat' dir='ltr'><strong>pestilentie</strong></span> <span class='ocrx_word' id='word_1_91' title='bbox 1165 1559 1180 1598; x_wconf 86' lang='lat'><strong>&#39;·</strong></span> <span class='ocrx_word' id='word_1_92' title='bbox 1201 1564 1233 1610; x_wconf 52' lang='grc' dir='ltr'><strong>ς,</strong></span> 
     </span>
    </p>
   </div>
   <div class='ocr_carea' id='block_1_6' title="bbox 56 1655 1116 1937">
    <p class='ocr_par' dir='ltr' id='par_1_6' title="bbox 56 1655 1116 1937">
     <span class='ocr_line' id='line_1_13' title="bbox 56 1655 1116 1735; baseline -0.003 -15"><span class='ocrx_word' id='word_1_93' title='bbox 56 1656 241 1732; x_wconf 77' lang='lat' dir='ltr'><strong>consumsit,</strong></span> <span class='ocrx_word' id='word_1_94' title='bbox 257 1656 405 1719; x_wconf 76' lang='lat' dir='ltr'><strong>militares</strong></span> <span class='ocrx_word' id='word_1_95' title='bbox 419 1657 522 1735; x_wconf 85' lang='lat' dir='ltr'><strong>copias</strong></span> <span class='ocrx_word' id='word_1_96' title='bbox 538 1656 668 1735; x_wconf 81' lang='lat' dir='ltr'><strong>plurime</strong></span> <span class='ocrx_word' id='word_1_97' title='bbox 683 1675 724 1718; x_wconf 87' lang='lat' dir='ltr'><strong>ex</strong></span> <span class='ocrx_word' id='word_1_98' title='bbox 737 1664 823 1735; x_wconf 80' lang='lat' dir='ltr'><strong>perte</strong></span> <span class='ocrx_word' id='word_1_99' title='bbox 837 1657 986 1720; x_wconf 88' lang='lat' dir='ltr'><strong>coniecit:</strong></span> <span class='ocrx_word' id='word_1_100' title='bbox 1004 1655 1116 1718; x_wconf 89' lang='lat' dir='ltr'><strong>multos</strong></span> 
     </span>
     <span class='ocr_line' id='line_1_14' title="bbox 56 1753 1116 1836; baseline -0.002 -18"><span class='ocrx_word' id='word_1_101' title='bbox 56 1757 196 1832; x_wconf 89' lang='lat' dir='ltr'><strong>nobiles,</strong></span> <span class='ocrx_word' id='word_1_102' title='bbox 218 1756 446 1836; x_wconf 77' lang='lat' dir='ltr'><strong>praecipueque</strong></span> <span class='ocrx_word' id='word_1_103' title='bbox 468 1754 589 1834; x_wconf 84' lang='lat' dir='ltr'><strong>plebem</strong></span> <span class='ocrx_word' id='word_1_104' title='bbox 612 1753 703 1818; x_wconf 84' lang='lat' dir='ltr'><strong>foede</strong></span> <span class='ocrx_word' id='word_1_105' title='bbox 725 1755 796 1818; x_wconf 82' lang='lat' dir='ltr'><strong>tube</strong></span> <span class='ocrx_word' id='word_1_106' title='bbox 817 1756 947 1820; x_wconf 81' lang='lat' dir='ltr'><strong>delevit:</strong></span> <span class='ocrx_word' id='word_1_107' title='bbox 975 1755 1116 1834; x_wconf 84' lang='lat' dir='ltr'><strong>quemvis</strong></span> 
     </span>
     <span class='ocr_line' id='line_1_15' title="bbox 56 1854 1116 1937; baseline -0.006 -16"><span class='ocrx_word' id='word_1_108' title='bbox 56 1859 150 1921; x_wconf 85' lang='lat' dir='ltr'><strong>etium</strong></span> <span class='ocrx_word' id='word_1_109' title='bbox 185 1855 345 1934; x_wconf 84' lang='lat' dir='ltr'><strong>superiore</strong></span> <span class='ocrx_word' id='word_1_110' title='bbox 380 1861 488 1933; x_wconf 80' lang='lat' dir='ltr'><strong>quarto</strong></span> <span class='ocrx_word' id='word_1_111' title='bbox 517 1871 599 1918; x_wconf 81' lang='lat' dir='ltr'><strong>enno</strong></span> <span class='ocrx_word' id='word_1_112' title='bbox 632 1854 739 1918; x_wconf 84' lang='lat' dir='ltr'><strong>obortu</strong></span> <span class='ocrx_word' id='word_1_113' title='bbox 766 1859 831 1937; x_wconf 77' lang='lat' dir='ltr'><strong>jam</strong></span> <span class='ocrx_word' id='word_1_114' title='bbox 863 1855 948 1933; x_wconf 83' lang='lat' dir='ltr'><strong>lues,</strong></span> <span class='ocrx_word' id='word_1_115' title='bbox 980 1854 1116 1920; x_wconf 87' lang='lat' dir='ltr'><strong>eundem</strong></span> 
     </span>
    </p>
   </div>
   <div class='ocr_carea' id='block_1_7' title="bbox 55 1946 1284 2042">
    <p class='ocr_par' dir='ltr' id='par_1_7' title="bbox 55 1941 1284 2042">
     <span class='ocr_line' id='line_1_16' title="bbox 55 1946 1284 2042; baseline -0.007 -22"><span class='ocrx_word' id='word_1_116' title='bbox 55 1957 204 2038; x_wconf 91' lang='lat' dir='ltr'><strong>populum</strong></span> <span class='ocrx_word' id='word_1_117' title='bbox 232 1954 414 2034; x_wconf 74' lang='lat' dir='ltr'><strong>depopulata</strong></span> <span class='ocrx_word' id='word_1_118' title='bbox 442 1955 489 2042; x_wconf 80' lang='lat' dir='ltr'><strong>sjt.</strong></span> <span class='ocrx_word' id='word_1_119' title='bbox 533 1955 675 2017; x_wconf 87' lang='lat' dir='ltr'><strong>Proximo</strong></span> <span class='ocrx_word' id='word_1_120' title='bbox 702 1954 815 2020; x_wconf 87' lang='lat' dir='ltr'><strong>debinc</strong></span> <span class='ocrx_word' id='word_1_121' title='bbox 840 1973 922 2020; x_wconf 82' lang='lat' dir='ltr'><strong>anno</strong></span> <span class='ocrx_word' id='word_1_122' title='bbox 943 1957 1030 2020; x_wconf 85' lang='lat' dir='ltr'><strong>cives</strong></span> <span class='ocrx_word' id='word_1_123' title='bbox 1051 1973 1113 2017; x_wconf 80' lang='lat' dir='ltr'><strong>ex·</strong></span> <span class='ocrx_word' id='word_1_124' title='bbox 1167 1946 1172 1955; x_wconf 86' lang='grc'>’</span> <span class='ocrx_word' id='word_1_125' title='bbox 1244 1969 1284 1998; x_wconf 62' lang='lat' dir='ltr'><strong>r*-</strong></span> 
     </span>
    </p>
   </div>
   <div class='ocr_carea' id='block_1_8' title="bbox 55 2052 1112 2136">
    <p class='ocr_par' dir='ltr' id='par_1_8' title="bbox 55 2052 1112 2136">
     <span class='ocr_line' id='line_1_17' title="bbox 55 2052 1112 2136; baseline -0.004 -16"><span class='ocrx_word' id='word_1_126' title='bbox 55 2058 158 2134; x_wconf 88' lang='lat' dir='ltr'><strong>sules,</strong></span> <span class='ocrx_word' id='word_1_127' title='bbox 180 2056 325 2134; x_wconf 87' lang='lat' dir='ltr'><strong>servique</strong></span> <span class='ocrx_word' id='word_1_128' title='bbox 347 2052 470 2136; x_wconf 80' lang='lat' dir='ltr'><strong>iugitini</strong></span> <span class='ocrx_word' id='word_1_129' title='bbox 492 2053 573 2118; x_wconf 88' lang='lat' dir='ltr'><strong>duce</strong></span> <span class='ocrx_word' id='word_1_130' title='bbox 601 2054 774 2132; x_wconf 83' lang='lat' dir='ltr'><strong>Herdonio,</strong></span> <span class='ocrx_word' id='word_1_131' title='bbox 802 2057 869 2118; x_wconf 85' lang='lat' dir='ltr'><strong>viro</strong></span> <span class='ocrx_word' id='word_1_132' title='bbox 898 2055 1029 2132; x_wconf 77' lang='lat' dir='ltr'><strong>sobino,</strong></span> <span class='ocrx_word' id='word_1_133' title='bbox 1057 2056 1112 2116; x_wconf 90' lang='lat' dir='ltr'><strong>in-</strong></span> 
     </span>
    </p>
   </div>
   <div class='ocr_carea' id='block_1_9' title="bbox 55 2154 1266 2336">
    <p class='ocr_par' dir='ltr' id='par_1_9' title="bbox 55 2154 1266 2336">
     <span class='ocr_line' id='line_1_18' title="bbox 56 2154 1266 2251; baseline -0.017 -31"><span class='ocrx_word' id='word_1_134' title='bbox 56 2164 205 2220; x_wconf 80' lang='lat' dir='ltr'><strong>vaserunt</strong></span> <span class='ocrx_word' id='word_1_135' title='bbox 225 2155 494 2236; x_wconf 81' lang='lat' dir='ltr'><strong>incenderuntque</strong></span> <span class='ocrx_word' id='word_1_136' title='bbox 512 2155 710 2234; x_wconf 77' lang='lat' dir='ltr'><strong>Capitolium:</strong></span> <span class='ocrx_word' id='word_1_137' title='bbox 727 2154 781 2220; x_wconf 91' lang='lat' dir='ltr'><strong>ubi</strong></span> <span class='ocrx_word' id='word_1_138' title='bbox 796 2154 962 2218; x_wconf 77' lang='lat' dir='ltr'><strong>fortissime</strong></span> <span class='ocrx_word' id='word_1_139' title='bbox 977 2154 1113 2234; x_wconf 85' lang='lat' dir='ltr'><strong>quidem,</strong></span> <span class='ocrx_word' id='word_1_140' title='bbox 1140 2157 1227 2209; x_wconf 65' lang='lat' dir='ltr'><strong>(ec.</strong></span> <span class='ocrx_word' id='word_1_141' title='bbox 1256 2193 1266 2251; x_wconf 68' lang='lat'><strong>¹,</strong></span> 
     </span>
     <span class='ocr_line' id='line_1_19' title="bbox 55 2240 1262 2336; baseline -0.011 -15"><span class='ocrx_word' id='word_1_142' title='bbox 55 2259 181 2322; x_wconf 78' lang='lat' dir='ltr'><strong>Valerio</strong></span> <span class='ocrx_word' id='word_1_143' title='bbox 195 2256 324 2320; x_wconf 90' lang='lat' dir='ltr'><strong>consule</strong></span> <span class='ocrx_word' id='word_1_144' title='bbox 338 2263 370 2320; x_wconf 90' lang='lat' dir='ltr'><strong>et</strong></span> <span class='ocrx_word' id='word_1_145' title='bbox 394 2257 588 2336; x_wconf 79' lang='lat' dir='ltr'><strong>imperatore,</strong></span> <span class='ocrx_word' id='word_1_146' title='bbox 611 2254 761 2319; x_wconf 89' lang='lat' dir='ltr'><strong>obstitere</strong></span> <span class='ocrx_word' id='word_1_147' title='bbox 776 2255 934 2336; x_wconf 83' lang='lat' dir='ltr'><strong>juniores:</strong></span> <span class='ocrx_word' id='word_1_148' title='bbox 957 2255 1013 2318; x_wconf 86' lang='lat' dir='ltr'><strong>sed</strong></span> <span class='ocrx_word' id='word_1_149' title='bbox 1034 2255 1113 2316; x_wconf 81' lang='lat' dir='ltr'><strong>adeo</strong></span> <span class='ocrx_word' id='word_1_150' title='bbox 1173 2240 1262 2271; x_wconf 62' lang='lat'>&#39;⁴⁸¹¹</span> 
     </span>
    </p>
   </div>
   <div class='ocr_carea' id='block_1_10' title="bbox 56 2353 1111 2536">
    <p class='ocr_par' dir='ltr' id='par_1_10' title="bbox 56 2353 1111 2536">
     <span class='ocr_line' id='line_1_20' title="bbox 56 2353 1111 2438; baseline -0.005 -17"><span class='ocrx_word' id='word_1_151' title='bbox 56 2367 146 2422; x_wconf 82' lang='lat' dir='ltr'><strong>atrox</strong></span> <span class='ocrx_word' id='word_1_152' title='bbox 168 2364 200 2422; x_wconf 85' lang='lat' dir='ltr'><strong>et</strong></span> <span class='ocrx_word' id='word_1_153' title='bbox 220 2373 315 2438; x_wconf 78' lang='lat' dir='ltr'><strong>grove</strong></span> <span class='ocrx_word' id='word_1_154' title='bbox 337 2356 502 2420; x_wconf 87' lang='lat' dir='ltr'><strong>discrimen</strong></span> <span class='ocrx_word' id='word_1_155' title='bbox 525 2354 631 2435; x_wconf 83' lang='lat' dir='ltr'><strong>praelii</strong></span> <span class='ocrx_word' id='word_1_156' title='bbox 654 2353 724 2433; x_wconf 82' lang='lat' dir='ltr'><strong>suit,</strong></span> <span class='ocrx_word' id='word_1_157' title='bbox 747 2363 782 2418; x_wconf 89' lang='lat' dir='ltr'><strong>ut</strong></span> <span class='ocrx_word' id='word_1_158' title='bbox 802 2356 869 2435; x_wconf 86' lang='lat' dir='ltr'><strong>ipse</strong></span> <span class='ocrx_word' id='word_1_159' title='bbox 890 2372 1015 2436; x_wconf 85' lang='lat' dir='ltr'><strong>quoque</strong></span> <span class='ocrx_word' id='word_1_160' title='bbox 1029 2371 1111 2416; x_wconf 88' lang='lat' dir='ltr'><strong>eon·</strong></span> 
     </span>
     <span class='ocr_line' id='line_1_21' title="bbox 57 2453 1111 2536; baseline -0.004 -16"><span class='ocrx_word' id='word_1_161' title='bbox 57 2460 105 2520; x_wconf 89' lang='lat' dir='ltr'><strong>sul</strong></span> <span class='ocrx_word' id='word_1_162' title='bbox 126 2458 268 2522; x_wconf 81' lang='lat' dir='ltr'><strong>Valerius</strong></span> <span class='ocrx_word' id='word_1_163' title='bbox 289 2457 333 2520; x_wconf 91' lang='lat' dir='ltr'><strong>ibi</strong></span> <span class='ocrx_word' id='word_1_164' title='bbox 355 2455 450 2520; x_wconf 84' lang='lat' dir='ltr'><strong>suerit</strong></span> <span class='ocrx_word' id='word_1_165' title='bbox 471 2455 609 2531; x_wconf 88' lang='lat' dir='ltr'><strong>occisus,</strong></span> <span class='ocrx_word' id='word_1_166' title='bbox 642 2462 676 2518; x_wconf 89' lang='lat' dir='ltr'><strong>et</strong></span> <span class='ocrx_word' id='word_1_167' title='bbox 697 2453 854 2536; x_wconf 74' lang='lat' dir='ltr'><strong>indignam</strong></span> <span class='ocrx_word' id='word_1_168' title='bbox 875 2455 916 2516; x_wconf 90' lang='lat' dir='ltr'><strong>de</strong></span> <span class='ocrx_word' id='word_1_169' title='bbox 937 2456 1036 2516; x_wconf 84' lang='lat' dir='ltr'><strong>servis</strong></span> <span class='ocrx_word' id='word_1_170' title='bbox 1057 2456 1111 2516; x_wconf 84' lang='lat' dir='ltr'><strong>vi-</strong></span> 
     </span>
    </p>
   </div>
   <div class='ocr_carea' id='block_1_11' title="bbox 58 2550 1258 2645">
    <p class='ocr_par' dir='ltr' id='par_1_11' title="bbox 58 2550 1258 2645">
     <span class='ocr_line' id='line_1_22' title="bbox 58 2550 1258 2645; baseline -0.009 -25"><span class='ocrx_word' id='word_1_171' title='bbox 58 2561 186 2623; x_wconf 77' lang='lat' dir='ltr'><strong>ctoriam</strong></span> <span class='ocrx_word' id='word_1_172' title='bbox 208 2559 335 2638; x_wconf 85' lang='lat' dir='ltr'><strong>iusuper</strong></span> <span class='ocrx_word' id='word_1_173' title='bbox 357 2558 447 2620; x_wconf 79' lang='lat' dir='ltr'><strong>etiem</strong></span> <span class='ocrx_word' id='word_1_174' title='bbox 470 2571 526 2645; x_wconf 74' lang='lat' dir='ltr'><strong>sup</strong></span> <span class='ocrx_word' id='word_1_175' title='bbox 548 2559 646 2614; x_wconf 88' lang='lat' dir='ltr'><strong>morto</strong></span> <span class='ocrx_word' id='word_1_176' title='bbox 668 2550 849 2618; x_wconf 78' lang='lat' dir='ltr'><strong>foedaverit.</strong></span> <span class='ocrx_word' id='word_1_177' title='bbox 886 2552 1034 2633; x_wconf 82' lang='lat' dir='ltr'><strong>sequitur</strong></span> <span class='ocrx_word' id='word_1_178' title='bbox 1054 2570 1114 2614; x_wconf 84' lang='lat' dir='ltr'><strong>an·</strong></span> <span class='ocrx_word' id='word_1_179' title='bbox 1155 2551 1163 2582; x_wconf 84' lang='grc'><strong>·’</strong></span> <span class='ocrx_word' id='word_1_180' title='bbox 1169 2555 1209 2596; x_wconf 57' lang='lat'><strong>¹1·</strong></span> <span class='ocrx_word' id='word_1_181' title='bbox 1253 2575 1258 2587; x_wconf 89' lang='lat'><strong>·</strong></span> 
     </span>
    </p>
   </div>
   <div class='ocr_carea' id='block_1_12' title="bbox 58 2651 1115 3338">
    <p class='ocr_par' dir='ltr' id='par_1_12' title="bbox 58 2651 1115 3338">
     <span class='ocr_line' id='line_1_23' title="bbox 58 2651 1113 2737; baseline -0.006 -15"><span class='ocrx_word' id='word_1_182' title='bbox 58 2677 130 2736; x_wconf 89' lang='lat' dir='ltr'><strong>nus,</strong></span> <span class='ocrx_word' id='word_1_183' title='bbox 152 2659 183 2720; x_wconf 90' lang='lat' dir='ltr'><strong>in</strong></span> <span class='ocrx_word' id='word_1_184' title='bbox 207 2675 269 2737; x_wconf 91' lang='lat' dir='ltr'><strong>quo</strong></span> <span class='ocrx_word' id='word_1_185' title='bbox 290 2673 360 2720; x_wconf 86' lang='lat' dir='ltr'><strong>cnm</strong></span> <span class='ocrx_word' id='word_1_186' title='bbox 382 2656 465 2718; x_wconf 84' lang='lat' dir='ltr'><strong>victo</strong></span> <span class='ocrx_word' id='word_1_187' title='bbox 487 2653 627 2716; x_wconf 86' lang='lat' dir='ltr'><strong>exercitu</strong></span> <span class='ocrx_word' id='word_1_188' title='bbox 648 2651 759 2716; x_wconf 88' lang='lat' dir='ltr'><strong>consul</strong></span> <span class='ocrx_word' id='word_1_189' title='bbox 779 2652 925 2716; x_wconf 90' lang='lat' dir='ltr'><strong>obsessus</strong></span> <span class='ocrx_word' id='word_1_190' title='bbox 944 2659 1002 2716; x_wconf 85' lang='lat' dir='ltr'><strong>est.</strong></span> <span class='ocrx_word' id='word_1_191' title='bbox 1037 2651 1113 2716; x_wconf 84' lang='lat' dir='ltr'><strong>Nem</strong></span> 
     </span>
     <span class='ocr_line' id='line_1_24' title="bbox 59 2753 1114 2836; baseline -0.006 -15"><span class='ocrx_word' id='word_1_192' title='bbox 59 2760 227 2824; x_wconf 85' lang='lat' dir='ltr'><strong>blinucium</strong></span> <span class='ocrx_word' id='word_1_193' title='bbox 261 2756 420 2820; x_wconf 89' lang='lat' dir='ltr'><strong>consulem</strong></span> <span class='ocrx_word' id='word_1_194' title='bbox 452 2771 652 2836; x_wconf 79' lang='lat' dir='ltr'><strong>congressum</strong></span> <span class='ocrx_word' id='word_1_195' title='bbox 679 2754 796 2833; x_wconf 79' lang='lat' dir='ltr'><strong>proelio</strong></span> <span class='ocrx_word' id='word_1_196' title='bbox 822 2753 926 2833; x_wconf 82' lang='lat' dir='ltr'><strong>Aequi</strong></span> <span class='ocrx_word' id='word_1_197' title='bbox 947 2753 1114 2834; x_wconf 86' lang='lat' dir='ltr'><strong>Volscique</strong></span> 
     </span>
     <span class='ocr_line' id='line_1_25' title="bbox 59 2851 1113 2941; baseline -0.009 -18"><span class='ocrx_word' id='word_1_198' title='bbox 59 2866 258 2941; x_wconf 81' lang='lat' dir='ltr'><strong>supererunt:</strong></span> <span class='ocrx_word' id='word_1_199' title='bbox 293 2864 326 2920; x_wconf 90' lang='lat' dir='ltr'><strong>et</strong></span> <span class='ocrx_word' id='word_1_200' title='bbox 346 2855 517 2938; x_wconf 83' lang='lat' dir='ltr'><strong>lugientem</strong></span> <span class='ocrx_word' id='word_1_201' title='bbox 539 2855 571 2916; x_wconf 92' lang='lat' dir='ltr'><strong>in</strong></span> <span class='ocrx_word' id='word_1_202' title='bbox 593 2853 707 2936; x_wconf 84' lang='lat' dir='ltr'><strong>Algido</strong></span> <span class='ocrx_word' id='word_1_203' title='bbox 728 2853 809 2917; x_wconf 86' lang='lat' dir='ltr'><strong>ieme</strong></span> <span class='ocrx_word' id='word_1_204' title='bbox 832 2851 977 2933; x_wconf 79' lang='lat' dir='ltr'><strong>ferroque</strong></span> <span class='ocrx_word' id='word_1_205' title='bbox 999 2853 1113 2915; x_wconf 88' lang='lat' dir='ltr'><strong>cinxe-</strong></span> 
     </span>
     <span class='ocr_line' id='line_1_26' title="bbox 59 2949 1113 3040; baseline -0.006 -18"><span class='ocrx_word' id='word_1_206' title='bbox 59 2969 147 3022; x_wconf 87' lang='lat' dir='ltr'><strong>runt:</strong></span> <span class='ocrx_word' id='word_1_207' title='bbox 171 2966 335 3040; x_wconf 80' lang='lat' dir='ltr'><strong>actumque</strong></span> <span class='ocrx_word' id='word_1_208' title='bbox 357 2955 523 3020; x_wconf 82' lang='lat' dir='ltr'><strong>infeliciter</strong></span> <span class='ocrx_word' id='word_1_209' title='bbox 545 2954 639 3032; x_wconf 89' lang='lat' dir='ltr'><strong>loret,</strong></span> <span class='ocrx_word' id='word_1_210' title='bbox 668 2954 702 3018; x_wconf 90' lang='lat' dir='ltr'><strong>ni</strong></span> <span class='ocrx_word' id='word_1_211' title='bbox 729 2954 892 3029; x_wconf 76' lang='lat' dir='ltr'><strong>Quinctius</strong></span> <span class='ocrx_word' id='word_1_212' title='bbox 920 2953 998 3018; x_wconf 83' lang='lat' dir='ltr'><strong>Cin·</strong></span> <span class='ocrx_word' id='word_1_213' title='bbox 1026 2949 1113 3037; x_wconf 77' lang='grc'><strong>[120]</strong></span> 
     </span>
     <span class='ocr_line' id='line_1_27' title="bbox 58 3055 1113 3140; baseline -0.009 -17"><span class='ocrx_word' id='word_1_214' title='bbox 58 3063 218 3138; x_wconf 81' lang='lat' dir='ltr'><strong>cinnatus,</strong></span> <span class='ocrx_word' id='word_1_215' title='bbox 246 3061 427 3140; x_wconf 83' lang='lat' dir='ltr'><strong>praecipuus</strong></span> <span class='ocrx_word' id='word_1_216' title='bbox 455 3058 508 3120; x_wconf 92' lang='lat' dir='ltr'><strong>ille</strong></span> <span class='ocrx_word' id='word_1_217' title='bbox 535 3056 682 3133; x_wconf 76' lang='lat' dir='ltr'><strong>dictator,</strong></span> <span class='ocrx_word' id='word_1_218' title='bbox 709 3062 805 3121; x_wconf 69' lang='lat' dir='ltr'><strong>utem</strong></span> <span class='ocrx_word' id='word_1_219' title='bbox 833 3055 1025 3123; x_wconf 89' lang='lat' dir='ltr'><strong>obsidionem</strong></span> <span class='ocrx_word' id='word_1_220' title='bbox 1051 3072 1113 3134; x_wconf 93' lang='lat' dir='ltr'><strong>op-</strong></span> 
     </span>
     <span class='ocr_line' id='line_1_28' title="bbox 59 3155 1112 3241; baseline -0.009 -19"><span class='ocrx_word' id='word_1_221' title='bbox 59 3176 167 3241; x_wconf 88' lang='lat' dir='ltr'><strong>presso</strong></span> <span class='ocrx_word' id='word_1_222' title='bbox 189 3160 277 3224; x_wconf 89' lang='lat' dir='ltr'><strong>hoste</strong></span> <span class='ocrx_word' id='word_1_223' title='bbox 300 3160 456 3224; x_wconf 85' lang='lat' dir='ltr'><strong>solvisset:</strong></span> <span class='ocrx_word' id='word_1_224' title='bbox 486 3157 540 3237; x_wconf 84' lang='lat' dir='ltr'><strong>qui</strong></span> <span class='ocrx_word' id='word_1_225' title='bbox 565 3162 707 3235; x_wconf 86' lang='lat' dir='ltr'><strong>repertus</strong></span> <span class='ocrx_word' id='word_1_226' title='bbox 728 3157 794 3218; x_wconf 84' lang='lat' dir='ltr'><strong>ruri</strong></span> <span class='ocrx_word' id='word_1_227' title='bbox 818 3155 857 3218; x_wconf 86' lang='lat' dir='ltr'><strong>cb</strong></span> <span class='ocrx_word' id='word_1_228' title='bbox 879 3161 979 3218; x_wconf 79' lang='lat' dir='ltr'><strong>aratro</strong></span> <span class='ocrx_word' id='word_1_229' title='bbox 1003 3169 1112 3216; x_wconf 84' lang='lat' dir='ltr'><strong>arces·</strong></span> 
     </span>
     <span class='ocr_line' id='line_1_29' title="bbox 59 3254 1115 3338; baseline -0.009 -15"><span class='ocrx_word' id='word_1_230' title='bbox 59 3263 137 3324; x_wconf 90' lang='lat' dir='ltr'><strong>situs</strong></span> <span class='ocrx_word' id='word_1_231' title='bbox 160 3263 198 3324; x_wconf 84' lang='lat' dir='ltr'><strong>ud</strong></span> <span class='ocrx_word' id='word_1_232' title='bbox 220 3260 336 3338; x_wconf 84' lang='lat' dir='ltr'><strong>luscos,</strong></span> <span class='ocrx_word' id='word_1_233' title='bbox 364 3266 465 3322; x_wconf 91' lang='lat' dir='ltr'><strong>sumto</strong></span> <span class='ocrx_word' id='word_1_234' title='bbox 486 3257 604 3320; x_wconf 89' lang='lat' dir='ltr'><strong>bonore</strong></span> <span class='ocrx_word' id='word_1_235' title='bbox 627 3257 841 3334; x_wconf 76' lang='lat' dir='ltr'><strong>instructoque</strong></span> <span class='ocrx_word' id='word_1_236' title='bbox 863 3254 1020 3330; x_wconf 81' lang='lat' dir='ltr'><strong>exercitu,</strong></span> <span class='ocrx_word' id='word_1_237' title='bbox 1042 3268 1115 3314; x_wconf 87' lang='lat' dir='ltr'><strong>mox</strong></span> 
     </span>
    </p>
   </div>
   <div class='ocr_carea' id='block_1_13' title="bbox 59 3353 1113 3442">
    <p class='ocr_par' dir='ltr' id='par_1_13' title="bbox 59 3353 1228 3442">
     <span class='ocr_line' id='line_1_30' title="bbox 59 3353 1113 3442; baseline -0.01 -18"><span class='ocrx_word' id='word_1_238' title='bbox 59 3363 161 3424; x_wconf 81' lang='lat' dir='ltr'><strong>uictor</strong></span> <span class='ocrx_word' id='word_1_239' title='bbox 182 3361 328 3439; x_wconf 80' lang='lat' dir='ltr'><strong>ciectus,</strong></span> <span class='ocrx_word' id='word_1_240' title='bbox 351 3360 462 3442; x_wconf 81' lang='lat' dir='ltr'><strong>jugum</strong></span> <span class='ocrx_word' id='word_1_241' title='bbox 489 3359 581 3422; x_wconf 91' lang='lat' dir='ltr'><strong>boum</strong></span> <span class='ocrx_word' id='word_1_242' title='bbox 608 3356 729 3436; x_wconf 78' lang='lat' dir='ltr'><strong>Aequis</strong></span> <span class='ocrx_word' id='word_1_243' title='bbox 755 3354 904 3434; x_wconf 88' lang='lat' dir='ltr'><strong>inposuit,</strong></span> <span class='ocrx_word' id='word_1_244' title='bbox 931 3353 1113 3417; x_wconf 81' lang='lat' dir='ltr'><strong>victoriam·</strong></span> 
     </span>
    </p>
   </div>
   <div class='ocr_carea' id='block_1_14' title="bbox 60 3453 1115 3646">
    <p class='ocr_par' dir='ltr' id='par_1_14' title="bbox 60 3453 1115 3646">
     <span class='ocr_line' id='line_1_31' title="bbox 60 3453 1115 3550; baseline -0.006 -26"><span class='ocrx_word' id='word_1_245' title='bbox 60 3480 124 3542; x_wconf 87' lang='lat' dir='ltr'><strong>que</strong></span> <span class='ocrx_word' id='word_1_246' title='bbox 160 3465 249 3543; x_wconf 81' lang='lat' dir='ltr'><strong>quusi</strong></span> <span class='ocrx_word' id='word_1_247' title='bbox 283 3463 392 3526; x_wconf 81' lang='lat' dir='ltr'><strong>stivam</strong></span> <span class='ocrx_word' id='word_1_248' title='bbox 415 3467 556 3550; x_wconf 73' lang='lat' dir='ltr'><strong>tenens,</strong></span> <span class='ocrx_word' id='word_1_249' title='bbox 599 3455 779 3539; x_wconf 75' lang='lat' dir='ltr'><strong>subjugatos</strong></span> <span class='ocrx_word' id='word_1_250' title='bbox 822 3453 927 3520; x_wconf 87' lang='lat' dir='ltr'><strong>bostes</strong></span> <span class='ocrx_word' id='word_1_251' title='bbox 969 3473 1041 3536; x_wconf 81' lang='lat' dir='ltr'><strong>prae</strong></span> <span class='ocrx_word' id='word_1_252' title='bbox 1079 3471 1115 3519; x_wconf 84' lang='lat' dir='ltr'><strong>se</strong></span> 
     </span>
     <span class='ocr_line' id='line_1_32' title="bbox 60 3565 281 3646; baseline 0.009 -20"><span class='ocrx_word' id='word_1_253' title='bbox 60 3565 176 3644; x_wconf 86' lang='lat' dir='ltr'><strong>primus</strong></span> <span class='ocrx_word' id='word_1_254' title='bbox 208 3567 281 3646; x_wconf 83' lang='lat' dir='ltr'><strong>egit.</strong></span> 
     </span>
    </p>
   </div>
   <div class='ocr_carea' id='block_1_15' title="bbox 0 0 1324 4434">
    <p class='ocr_par' dir='ltr' id='par_1_15' title="bbox 0 0 1324 4434">
     <span class='ocr_line' id='line_1_33' title="bbox 0 0 1324 4434; baseline 0 0"><span class='ocrx_word' id='word_1_255' title='bbox 0 0 1324 4434; x_wconf 95' lang='lat' dir='ltr'><strong> </strong></span> 
     </span>
    </p>
   </div>
  </div>
 </body>
</html>
