2634 4434
485 333 689 444 Q

59 567 197 647 publicae
233 565 354 629 ruinas·
373 583 458 647 spem
495 566 586 646 iecit,
623 569 807 632 Annibalem
839 586 930 651 posse
962 577 1108 654 superari.

59 668 217 748 Scipiones
242 674 344 730 autem
367 668 398 730 in
421 667 566 748 Hispania
587 668 791 733 Asdrubalcm
813 671 984 734 Poenorum
1008 673 1109 754 impc-

58 774 189 830 ratorem
205 768 243 830 ad
258 767 374 830 ltaliam
388 769 560 831 exercitum
575 779 801 849 comparantem
824 771 1005 854 gravissimo
1027 773 1111 836 bello

57 876 276 948 oppresserunt
282 889 292 945 ;
316 887 385 932 nam
405 869 530 950 triginta
548 871 686 951 quinque
703 873 796 935 millia
812 872 940 935 militurn
958 874 997 936 dc
1012 890 1109 936 exer·

56 970 119 1030 citu
146 969 215 1050 ejus
242 970 293 1032 vel
323 969 418 1032 caede
449 970 500 1032 vel
533 973 675 1051 captione
708 974 894 1037 minuerunt.
939 973 1109 1036 Celtiberos

55 1069 180 1148 milites,
201 1089 291 1150 quam
313 1071 440 1150 primam
462 1077 622 1134 externam
647 1090 770 1134 rnuuum
793 1071 921 1136 Romani
948 1073 1111 1143 incastris

54 1168 170 1232 babere
197 1177 383 1251 coeperunt,
411 1170 510 1251 pretio
535 1171 717 1234 sollicitatos
746 1171 783 1233 ab
806 1171 939 1235 bostium
961 1174 1111 1235 socictate

54 1271 84 1331 in
106 1278 208 1333 castra
235 1288 292 1334 sua
319 1271 482 1333 duxerunt.
527 1271 726 1352 Sempronius
748 1270 905 1334 Gracchus
926 1273 1111 1353 proconsule

53 1370 88 1432 ab
110 1371 234 1452 hospite
254 1388 312 1434 suo
333 1371 457 1434 Lucano
479 1372 611 1452 quodam
633 1373 667 1435 in
687 1373 814 1436 insidias
829 1372 973 1435 inductus
988 1373 1110 1436 occisus

52 1478 107 1534 cst.
156 1472 324 1534 Centenius
345 1471 459 1534 Penula
480 1473 638 1552 centurio,
661 1473 787 1536 decerni
809 1473 868 1536 sibi
890 1472 971 1536 ultro
992 1470 1109 1536 bellum

26 1572 219 1634 ‘adversum
234 1568 417 1632 Annibalem
432 1572 536 1650 petiit:
559 1590 577 1633 a
599 1589 661 1650 quo
683 1591 752 1634 cum
775 1581 844 1635 octo
866 1572 1001 1636 millibus
1022 1573 1108 1635 mili-

51 1679 128 1748 tum‚
154 1687 234 1750 quos
262 1671 295 1732 in
321 1671 418 1733 aciem
446 1669 606 1748 eduxerat,
628 1687 737 1732 caesus
760 1677 814 1733 est.
858 1672 929 1734 Post
949 1672 1032 1732 hunc
1055 1672 1107 1734 Cn.

51 1771 180 1832 Fulvius
212 1777 336 1850 praetor
361 1770 400 1832 ab
427 1769 582 1832 Annibale
610 1769 711 1832 victus
738 1770 849 1832 amisso
883 1770 1023 1834 exercitu
1057 1773 1110 1833 vix

53 1860 163 1934 evasit.
207 1870 305 1932 Pudet
335 1870 567 1933 recordationis.
612 1869 693 1945 Quid
716 1871 798 1932 enim
828 1870 926 1933 dicam
955 1870 1108 1951 improbi-

53 1977 147 2034 tatem
170 1971 268 2052 magis
289 1969 494 2037 anmiscriam
514 1967 740 2034 uocauerunt
761 1971 823 2033 imo
843 1971 949 2034 verius
970 1971 1021 2034 vel
1043 1973 1107 2034 im*-

53 2071 180 2150 probam
208 2071 361 2133 miseriam
388 2071 439 2133 vel
461 2071 603 2133 miserem
626 2071 859 2152 improbitatem.
905 2071 981 2146 Quis
1003 2072 1109 2136 eredat

53 2188 91 2232 ee
117 2179 273 2252 tempore,
302 2187 365 2251 quo
380 2171 544 2234 aeranem
570 2171 675 2252 populi
697 2171 824 2232 Romani
847 2189 975 2253 egenam
998 2157 1107 2252 stipem

52 2271 172 2350 privata
200 2271 365 2334 collatione
392 2271 553 2352 poscebat,
582 2272 671 2334 miles
700 2273 731 2334 in
759 2272 866 2334 cestris
899 2273 1023 2334 nonnisi
1055 2279 1108 2334 aut

53 2388 145 2449 puer,
179 2379 232 2434 aut
263 2389 387 2450 servus,
420 2379 474 2434 ant
505 2371 690 2450 sceleratus,
723 2380 775 2435 aut
804 2371 926 2434 debitor
947 2379 979 2433 et
1000 2390 1040 2434 ne
1062 2373 1108 2435 sic

54 2472 180 2550 quidem
203 2489 332 2534 numero
354 2472 485 2533 idoneus
506 2477 584 2549 erat,
606 2477 732 2532 senatus
746 2471 779 2532 in
795 2471 880 2531 curia
895 2471 994 2531 omnis
1009 2489 1108 2550 paene

52 2573 189 2635 novitius
203 2573 375 2649 uidebatur,
391 2576 545 2651 postremo
560 2587 630 2633 cum
644 2569 687 2632 itu
702 2569 870 2632 imminutis
882 2567 1007 2632 fractis-
1021 2566 1107 2652 [259]

53 2690 115 2752 qne
148 2672 291 2735 omnibns
322 2672 552 2752 desperaretur,
585 2677 619 2732 ιιι
647 2670 809 2734 consilium
837 2671 876 2734 de
903 2670 1108 2752 relinquenda

53 2772 139 2834 ltalia
155 2772 329 2848 subiretur;
349 2790 388 2834 eo
404 2780 553 2853 tempore,
568 2789 638 2833 cum
652 2770 966 2834 unumdomesticum
981 2770 1108 2848 bellum,

52 2880 87 2934 ιιι
101 2873 247 2951 diximus,
262 2871 339 2936 ferri
353 2872 438 2934 nullo
453 2871 544 2934 modo
557 2878 672 2952 posset,
688 2872 745 2934 tria
765 2872 892 2952 insuper
907 2871 1108 2934 transmarina

53 2972 133 3035 bella
156 2971 253 3035 fuisse
274 2973 437 3054 suscepta?
460 2991 555 3036 unum
575 2974 609 3036 in
623 2971 802 3036 biaccdonia
817 2979 924 3036 contra
937 2971 1107 3052 Philippum

53 3073 511 3152 potentissimemittacedontae
532 3090 651 3152 regem,
673 3072 802 3135 alterum
818 3073 850 3134 in
866 3073 1010 3153 Hispania
1025 3091 1105 3134 con-

53 3179 97 3235 tra
119 3173 325 3238 Asdrubalcm
340 3171 502 3235 Annibalis
523 3170 660 3250 fratrem,
683 3172 806 3234 tertium
821 3172 853 3232 in
870 3170 1010 3234 Sardinia
1025 3188 1106 3232 con-

53 3279 98 3336 tra
114 3273 227 3337 Sardos
250 3283 282 3338 et
303 3275 432 3337 alterum
448 3270 652 3337 Asdrubalcm
667 3269 964 3351 Carthaginiensium
980 3269 1105 3332 ducem:

54 3381 140 3436 extra
172 3374 232 3437 boe
257 3383 399 3456 quartem
420 3371 593 3450 Annibalis,
621 3388 684 3451 quo
712 3371 745 3432 in
768 3369 853 3432 ltalia
874 3369 1107 3450 premebantur:

54 3479 84 3534 et
105 3481 209 3536 nmen
231 3474 319 3538 fortis
347 3476 379 3536 in
406 3474 585 3538 alterutrum
614 3471 788 3553 desperatio
815 3473 847 3534 iu
875 3470 1002 3535 meliora
1030 3489 1105 3552 pro-

55 3571 138 3652 iecit,
160 3591 231 3636 narn
253 3576 286 3638 in
308 3575 355 3650 bis
376 3574 520 3637 omuibus
531 3573 722 3655 desperando
742 3579 927 3656 pugnarunt,
941 3571 1107 3653 pugnando

55 3673 203 3736 vicerunt.
247 3673 378 3754 Exque
400 3671 562 3738 euidenter
583 3675 767 3753 ostenditur,
789 3690 852 3736 uon
875 3681 1011 3752 tempora
1033 3677 1106 3730 lunc

56 3769 150 3836 inisse
173 3774 385 3855 tranquilliora
407 3775 489 3855 otiis,
511 3775 567 3840 sed
588 3775 729 3842 nomines
751 3774 882 3838 miseriis
905 3770 1056 3834 fortiores.
