2634 4434
546 313 595 383 83

389 561 588 702 iaput
641 563 746 674 llll

88 780 248 867 Philippi,
275 779 382 866 Rapis
407 781 653 865 Macedoniae,
682 805 742 852 ree
765 791 887 874 posiae
914 794 947 854 et
968 809 1056 874 patos

299 888 421 969 pentes
442 905 506 952 coac
529 887 634 957 ortes
653 887 833 971 subegerit.

124 1055 218 1118 Auua
254 1056 293 1118 ab
330 1057 412 1118 Urbe
449 1059 571 1120 condita
604 1057 710 1120 CCCC.
743 1059 912 1147 Philippus,
946 1059 1099 1142 Amyntae

45 1152 132 1232 ilius,
155 1154 327 1218 Alexandri
340 1163 437 1236 pater,
459 1174 590 1238 regnum
604 1157 805 1220 Macedonum
827 1161 965 1240 adeptus,
987 1162 1099 1242 viginti

45 1256 180 1337 quinque
202 1257 292 1319 aunis
313 1259 428 1319 munit:
453 1259 565 1340 quibus
586 1258 643 1340 hos
666 1276 771 1322 omnes
787 1261 987 1326 acerbitatum
1003 1279 1098 1322 acer-

45 1371 96 1416 vos
131 1365 324 1437 cunctasque
356 1359 504 1422 malorum
531 1353 628 1422 moles
654 1362 774 1424 struxit.
818 1361 875 1423 Hic
901 1363 1030 1442 primurn
1059 1360 1098 1422 ab

43 1453 221 1518 Alexandro
235 1457 328 1520 iratre
343 1459 434 1521 obses
447 1461 601 1522 Thebanis
620 1462 720 1538 datus,
743 1480 798 1542 per
819 1463 986 1524 triennium
1010 1459 1097 1544 [tus]

41 1557 119 1634 apud
150 1555 406 1635 Epaminondam,
434 1560 679 1620 strenuissimum
708 1561 921 1641 imperatorem
949 1567 980 1622 et
1006 1579 1095 1622 sum-

41 1673 120 1716 mum
157 1655 389 1735 Philosophum,
423 1658 562 1719 cruditus
594 1665 649 1722 ost.
692 1657 761 1737 lpse
789 1666 890 1722 autem
920 1660 1098 1724 Alexandra

41 1755 161 1818 scelere
175 1753 347 1836 Eurydices
369 1759 473 1818 matris
496 1759 610 1834 occiso,
633 1759 773 1837 quamvis
796 1777 831 1820 ea
849 1757 913 1837 jam
936 1761 1099 1821 commisso

40 1855 193 1919 adulterio
215 1861 246 1916 et
268 1857 365 1918 altero
387 1859 517 1936 primum
536 1857 600 1918 lilio
619 1857 794 1936 interiecto,
817 1857 942 1937 liliaque
963 1859 1097 1941 viduata,

40 1956 150 2035 generi
171 1957 293 2035 nuptias
315 1958 414 2018 mariti
437 1965 536 2019 morte
557 1959 735 2040 pepigisset,
757 1958 932 2038 compulsus
951 1977 967 2020 a
983 1959 1097 2039 populo

40 2067 186 2137 regnum,
216 2056 300 2136 quod
320 2075 415 2137 parvo
437 2059 532 2120 occisi
558 2057 661 2119 fratris
688 2058 750 2120 lilio
778 2059 923 2120 tuebatur
950 2062 1095 2139 suscepit,

41 2159 93 2236 qui
120 2175 193 2221 cum
221 2155 296 2222 ioris
329 2176 483 2220 concursu
515 2160 748 2238 exsurgentium
781 2160 919 2238 undique
951 2160 1095 2236 hostium,

41 2256 123 2320 domi
158 2265 261 2320 autem
291 2258 550 2339 deprehensarum
577 2276 670 2338 saepe
698 2259 877 2320 insidiarum
907 2267 990 2321 melu
1019 2259 1095 2321 iati-

40 2365 178 2435 garetur,
199 2359 329 2439 primum
353 2359 467 2422 bellum
486 2377 555 2420 cum
570 2359 813 2421 Atheniensibus
828 2361 932 2440 gessit.
969 2347 1097 2432 'Quibus

41 2459 130 2522 uictis
158 2477 242 2521 arma
268 2460 306 2522 ad
333 2459 453 2539 Illyrios
481 2460 650 2535 transtulit,
679 2458 844 2537 multisque
873 2459 1007 2518 millibus
1031 2453 1095 2519 ho-

41 2559 132 2620 stium
161 2561 321 2624 trucidatis
347 2561 495 2623 Larissam
518 2559 627 2620 urbem
650 2557 869 2619 nobilissimam
892 2558 981 2636 ec'pit.
1022 2557 1099 2619 lnde

41 2658 227 2723 Thessaliam
256 2679 319 2723 non
348 2661 444 2742 magis
476 2676 581 2720 amore
612 2658 776 2735 victoriae,
811 2676 900 2737 quam
929 2658 1098 2720 ambitione
1217 2658 1221 2666 '

40 2757 252 2822 habendarum
274 2762 413 2841 equitum
428 2758 653 2836 Thessalorum,
677 2775 806 2838 quorum
829 2759 923 2822 robur
945 2767 979 2820 ut
1001 2776 1097 2819 exer-

42 2859 117 2922 citui
139 2878 197 2922 sua
218 2861 418 2938 admisceret,
448 2861 566 2922 invasit.
610 2858 655 2921 lta
683 2857 836 2920 Thessalis
864 2875 904 2920 ex
930 2858 1097 2938 improviso

40 2962 273 3041 praeoccupatis
289 2968 381 3042 atqua
396 2962 428 3023 in
452 2966 631 3042 potestatem
653 2959 798 3037 redactis,
816 2958 977 3040 jungendo
999 2959 1095 3038 equi-

41 3066 105 3121 tum
132 3061 333 3142 peditumque
361 3061 541 3125 fortissimas
568 3067 683 3123 turmas
712 3067 744 3120 et
770 3060 1095 3140 copias,·invictissi··

41 3179 125 3222 mum
157 3160 233 3223 facit
266 3163 446 3225 exercitum.
489 3162 588 3244 Igitur
618 3161 708 3222 victis
740 3158 983 3222 Atheniensibus
1015 3159 1095 3219 sub-

35 3260 192 3341 jectisque
213 3261 366 3325 Thessalis
388 3262 614 3344 Olympiadem,
643 3259 768 3322 Arubae
790 3259 873 3339 regis
894 3257 1096 3320 Molossorum

39 3379 196 3439 sororem,
222 3363 310 3425 duxit
332 3379 468 3425 uxorem.
513 3363 573 3435 Qui
597 3360 718 3436 Aruba,
742 3377 811 3420 cum
834 3377 889 3438 per
910 3359 979 3436 hoc,
1005 3355 1098 3437 [169]

40 3462 125 3541 quod
147 3464 327 3526 societatem
349 3461 551 3525 Macedonum
577 3460 733 3523 adfinitate
762 3460 845 3542 regis
873 3459 1096 3540 paciscebatur,

39 3563 203 3642 imperium
225 3581 315 3626 suum
338 3582 372 3626 sc
395 3564 589 3626 dilataturum
616 3569 752 3642 putaret,
780 3580 836 3642 per
863 3561 921 3622 hoc
949 3561 1097 3640 deceptus

38 3665 157 3742 amisit,
179 3665 380 3746 privatumque
401 3665 433 3726 in
456 3663 550 3726 exilio
572 3665 743 3727 consenuit.
788 3661 907 3724 Deinde
930 3661 1095 3740 Philippus:

39 3780 111 3824 cum
138 3763 314 3830 Metbcnum
342 3766 450 3830 urbem
478 3772 684 3846 oppugnaret,
717 3767 781 3825 ictu
814 3763 943 3844 sagittae
972 3759 1095 3822 oculum

37 3853 181 3944 perdidit,
235 3865 334 3946 lpsam
367 3883 443 3928 vero
475 3866 582 3928 urbem
616 3881 689 3927 mox
721 3863 908 3944 expugnavit
941 3865 972 3920 et
1005 3858 1094 3938 cepit.

37 3964 121 4027 Exin
143 3965 302 4028 Graeciam
326 3983 421 4046 prope
443 3973 552 4043 totam,
583 3965 720 4045 consiliis
741 3966 955 4041 praeventam,
977 3959 1097 4032 uiribus
