2634 4434
568 253 804 416 'ee

176 545 314 627 perlecto
334 543 560 623 proveheretur
580 543 725 621 imperio,
754 548 856 603 tamen
877 538 1035 620 paululum
1058 546 1089 599 et
1112 539 1178 619 ipsa
1201 539 1239 600 in

177 663 307 707 occursu
329 645 450 707 numeri
471 643 562 724 hujus
584 627 737 732 offendit]
754 639 827 702 Nam
850 639 1125 723 septingentesimo
1149 656 1237 700 con-

176 745 300 808 ditionis
315 761 390 808 suae
404 760 496 821 anno,
519 742 751 822 quatuordecim
768 741 853 803 vicos
872 741 951 822 ejus,
974 740 1124 802 incertum
1148 739 1238 802 unde

176 862 378 926 consurgens,
399 844 518 907 llamma
542 843 720 918 consumsit,
744 859 803 903 nec
825 858 971 921 unquam,
995 846 1029 901 ut
1050 841 1092 901 ait
1113 839 1236 916 Livius,

176 947 292 1027 majore
314 944 459 1007 incendio
481 951 596 1006 vastata
618 950 680 1018 est3
710 943 804 1020 adeo,
833 949 868 1003 ut
896 949 963 1021 post
990 941 1107 1021 aliquot
1132 957 1237 1001 annos

176 1044 290 1107 Caesar
302 1044 462 1125 Augustus
476 1044 515 1105 ad
536 1046 760 1122 reparationem
782 1059 900 1119 eorum,
924 1060 1004 1122 quae
1026 1048 1099 1102 tunc
1122 1046 1238 1102 exusta

176 1150 279 1221 erant,
309 1162 447 1226 magnam
475 1145 536 1206 vim
565 1145 715 1223 pecuniae
744 1161 784 1205 ex
811 1143 929 1204 aerario
956 1141 1080 1222 publiea
1101 1140 1236 1222 largitus

175 1245 223 1307 sit.
245 1217 405 1335 [Poteram
434 1262 559 1325 quoque
586 1244 765 1320 ostendere,
796 1243 928 1318 erundem
956 1242 1141 1322 duplicatum
1165 1259 1236 1302 nu-

175 1361 293 1405 merum
309 1347 457 1408 mansisse
471 1344 670 1424 Babyloniae,
693 1361 772 1424 quae
796 1351 863 1422 post
886 1343 968 1404 mille
987 1342 1235 1423 quadringentos

176 1449 209 1504 el
230 1444 313 1522 quod
335 1445 471 1506 excurrit
494 1460 601 1522 annos,
625 1445 731 1506 ultime
754 1462 771 1505 a
795 1444 874 1525 Cyro
896 1462 972 1524 rege
994 1451 1081 1522 capta
1096 1449 1152 1520 εει,
1172 1441 1236 1502 nisi

175 1544 381 1622 praesentium
404 1543 662 1624 contemplatione
684 1562 856 1607 revocarer.
901 1544 979 1605 lllud
1000 1560 1076 1605 saue
1097 1541 1236 1604 libenter

175 1641 302 1724 adjicio,
330 1647 402 1724 quia
424 1644 515 1724 primi
537 1645 620 1708 illius
641 1664 751 1728 regum
774 1646 909 1708 omnium
932 1643 1003 1706 Nini
1026 1643 1176 1724 (quamvis
1200 1650 1236 1704 et

174 1749 262 1820 pater
283 1743 351 1823 ejus
371 1743 464 1807 llelus
486 1745 618 1807 obscure
641 1748 755 1826 primus
782 1763 929 1827 regnasse
957 1741 1120 1823 referatur)
1147 1743 1235 1804 illius

174 1859 250 1922 ergo
270 1842 343 1904 Nini
364 1863 457 1922 anno,
479 1853 639 1927 postquam
664 1865 795 1928 regnare
818 1847 972 1926 coeperat,
995 1843 1234 1924 quadragesimo

175 1942 266 2003 lertio
288 1952 378 2008 natus
401 1953 449 2008 est
469 1954 593 2009 sanetus
615 1947 669 2009 ille
692 1946 861 2024 Abraham,
884 1948 935 2008 cui
958 1945 1058 2006 dictae
1080 1951 1151 2006 sunl
1172 1963 1233 2004 re-

175 2042 411 2122 promissiones,
448 2065 488 2107 εκ
523 2047 610 2125 cujus
643 2049 762 2109 semiue
795 2048 961 2126 promissus
994 2052 1042 2108 est
1075 2043 1231 2106 Christus:

176 2139 289 2203 deiude
321 2162 405 2207 nune
437 2147 526 2226 primi
559 2149 648 2210 istius
681 2147 899 2227 Imperatorum
934 2147 1068 2210 omnium
1096 2144 1235 2226 Augusti
1266 2175 1270 2182 ·

177 2239 316 2305 Caesaris
344 2242 495 2326 (quamvis
522 2255 554 2310 et
585 2254 672 2330 pater
705 2250 771 2330 ejus
805 2247 917 2322 Caesar
948 2253 1077 2308 metator
1109 2246 1236 2325 imperii

176 2335 263 2423 [teo]
285 2345 387 2422 potius
413 2364 503 2427 quam
526 2349 694 2428 imperator
716 2346 878 2430 exstiterit)
901 2349 990 2412 istius
1006 2349 1129 2427 inquam
1146 2347 1233 2408 Gae-

175 2441 268 2519 saris,
296 2450 494 2526 posteaquam
522 2450 673 2528 imperare
701 2451 818 2529 coepit,
853 2467 979 2511 emenso
1011 2447 1234 2528 propemodum

176 2557 258 2603 anne
281 2545 514 2628 quadragesimo
536 2549 685 2626 secundo,
708 2556 797 2610 natus
820 2557 867 2612 est
886 2549 1033 2626 Christus,
1057 2549 1110 2628 qui
1125 2547 1233 2609 Abra-

176 2638 235 2701 hae
262 2643 319 2705 sub
347 2645 427 2706 Nino
452 2649 553 2726 primo
579 2666 656 2728 rege
683 2647 785 2710 luerat
810 2650 1022 2729 repromissus.
1067 2647 1162 2709 Natus
1185 2654 1235 2710 est

159 2745 279 2802 ‘autem
309 2743 371 2809 Vll.
398 2745 524 2811 Kalend.
551 2748 705 2828 lanuarii,
734 2750 857 2830 quando
884 2751 1014 2830 primum
1042 2750 1234 2810 incrementa

177 2843 280 2903 omnia
312 2846 385 2907 anni
412 2849 566 2910 venientis
594 2850 754 2929 incipiunt.
798 2850 842 2913 lta
869 2850 982 2912 factum
1010 2856 1071 2927 est,
1100 2856 1135 2910 ut
1162 2866 1234 2910 cum

178 2937 333 3004 Abraham
349 2947 584 3026 quadragesimo
600 2951 691 3009 tertio
706 2967 787 3011 anno
803 2957 892 3012 natus
914 2953 964 3029 sit,
986 2950 1043 3012 sub
1066 2949 1127 3012 line
1149 2967 1233 3029 quar

178 3037 342 3118 dragesimi
364 3046 494 3108 secundi
515 3048 658 3136 nativitas
682 3048 793 3112 Christi
815 3053 1006 3128 conveniret,
1032 3058 1067 3112 ut
1083 3052 1147 3133 jam
1171 3066 1236 3111 non

178 3136 244 3216 ipse
267 3140 307 3201 in·
320 3150 406 3222 parte
433 3149 516 3210 tertii
542 3151 630 3226 anni,
659 3151 768 3213 sedin
791 3152 857 3231 ipso
879 3153 980 3232 petius
1003 3152 1112 3212 tertius
1134 3167 1235 3212 annus

177 3239 318 3306 oriretur.
364 3246 425 3319 Qui
451 3265 550 3310 annus
572 3251 712 3330 quantis,
736 3269 826 3331 quam
849 3253 954 3329 novis,
978 3269 1132 3331 quamque
1156 3252 1234 3312 inu-

179 3338 277 3402 sitatis
304 3342 394 3407 bonis
420 3346 638 3426 abundaverit,
668 3351 741 3412 satis
769 3351 859 3411 eliam
888 3333 936 3413 me
964 3369 1026 3412 non
1056 3349 1236 3431 proferente

178 3449 368 3517 compertum
394 3445 502 3508 baberi
528 3448 673 3524 arbitron
709 3457 773 3511 toto
803 3458 952 3512 terrarum
982 3451 1064 3512 orbe
1087 3468 1147 3523 una
1176 3467 1237 3529 pax

178 3539 331 3618 omnium,
353 3559 416 3605 nou
437 3549 627 3628 cessatione,
650 3550 706 3612 sed
728 3549 895 3612 abolitione
917 3550 1085 3628 bellorum,
1110 3549 1237 3612 clausae

176 3634 247 3698 lani
261 3643 403 3720 geminae
419 3654 535 3726 portae,
551 3650 725 3728 exstirpatis
741 3641 890 3712 bellorum
906 3652 1071 3728 radicibus,
1094 3667 1157 3712 non
1177 3667 1235 3712 re-

177 3739 303 3818 pressis,
315 3760 427 3807 census
438 3746 491 3809 ille
503 3750 618 3828 primus
633 3756 666 3812 ct
680 3750 830 3812 maximus
846 3749 913 3827 fuit,
930 3770 999 3813 cum
1016 3752 1048 3812 in
1063 3751 1122 3812 h'oc
1138 3768 1236 3812 unum

179 3833 318 3903 Caesaris
332 3860 445 3907 nomen
461 3849 604 3911 universa
617 3865 794 3929 magnarum
806 3851 945 3930 gentium
959 3857 1098 3914 creatura
1106 3851 1235 3931 juravit,

177 3931 330 4016 simulque
342 3960 397 4021 per
405 3947 651 4010 communionem
660 3964 783 4026 census,
793 3950 883 4014 unius
892 3951 1048 4014 societatis
1056 3949 1169 4014 effecta
1178 3935 1249 4054 εεῇ
