2634 4434
670 321 744 392 300

602 420 809 436 Η

181 568 353 626 cortruetas
384 558 524 639 undique
554 557 594 621 cd
621 557 804 620 destinatam
831 549 937 618 seeum
965 553 1100 618 traberet
1127 552 1242 635 perdi-

181 663 313 740 tionem,
343 660 582 742 Cbristiunorum
612 658 794 740 sauguinem
822 656 881 720 diis
908 657 974 718 suis
1005 655 1106 732 vovit,
1139 653 1243 735 palam

181 768 401 842 persecuturus
414 760 580 838 Ecclesiae,
602 760 630 822 si
651 759 811 820 victoriam
826 757 977 837 potuisset
990 756 1125 836 adipisci.
1161 753 1242 818 Nam

149 878 152 881 ’
182 869 214 925 et
234 861 501 943 Ampbitbmtrum,
520 858 740 940 Hierosolymis
763 858 880 920 exserui
897 859 1007 940 jussit,
1034 859 1067 918 in
1094 872 1158 937 quo
1180 872 1241 919 re-

182 973 331 1026 versus'a
352 960 484 1039 Parthis,
507 960 684 1041 episcopos,
707 957 872 1022 monachos
895 975 1066 1038 omnesque
1086 959 1153 1038 ejus
1177 955 1242 1018 loci

182 1069 320 1140 muetos,
346 1061 454 1124 bestiis
476 1061 568 1122 etiam
589 1067 657 1122 arte
678 1057 870 1122 saevioribus
892 1057 1041 1140 objiceret
1062 1063 1240 1138 spectaret·

183 1180 252 1244 que·
266 1163 441 1226 laniandos:
465 1161 574 1242 ltaque
595 1163 788 1240 postquem‘a
804 1157 1000 1240 Ctesiphonte
1017 1165 1116 1221 castra
1132 1159 1241 1236 movit,

183 1263 255 1329 dolo
283 1263 441 1345 cujusdam
471 1260 648 1342 transfugae
675 1261 706 1322 in
733 1259 855 1322 deserta
888 1258 1070 1339 perductus,
1103 1276 1173 1320 cum
1205 1260 1242 1320 vi

182 1364 250 1426 sitis
272 1368 305 1426 et
324 1344 435 1426 ardore
456 1363 531 1426 solis
564 1367 657 1441 atque
685 1361 813 1440 insuper
839 1359 945 1422 labore
970 1376 1134 1422 arenarum
1155 1376 1239 1422 con-

98 1515 101 1518 .
183 1461 284 1525 sectus
311 1463 425 1544 periret
452 1461 626 1547 exereitus,
654 1460 821 1542 Imperator
847 1467 931 1524 tanto
964 1477 1067 1522 rerum
1100 1451 1242 1540 periculo

161 1547 305 1640 'auxius
327 1561 399 1641 dum
421 1579 477 1643 per
498 1570 583 1625 vasta
605 1563 720 1625 deserti
736 1561 888 1627 incautius
903 1567 1061 1643 evagatur,
1084 1560 1123 1624 ab
1146 1559 1242 1622 obvio

184 1662 315 1743 quodam
337 1661 469 1726 bostium
492 1662 598 1743 equite
619 1669 712 1725 conto
734 1663 814 1726 ictus
835 1662 959 1724 interiit.
998 1660 1049 1727 Sic
1065 1661 1243 1725 misericors

183 1763 269 1826 Deus
291 1764 383 1844 impia
404 1763 532 1827 consilia
555 1764 640 1846 impii
663 1770 760 1827 morte
781 1761 929 1828 dissolvit.

186 2080 276 2160 [set]
496 2048 694 2188 bdpbt
743 2046 1014 2178 XXXI,

331 2285 507 2355 desimam
527 2287 724 2374 Imperator
746 2284 882 2355 Caesar
903 2283 1095 2371 Apparatus.

269 2475 361 2538 Auno
387 2473 425 2536 ab
455 2475 537 2538 Urbe
564 2477 687 2540 condita
714 2474 858 2539 mcxvii.
901 2474 1064 2552 levirum,
1093 2476 1246 2556 septimus

186 2584 217 2640 et
244 2577 419 2658 trigesimus
441 2574 623 2656 Imperator,
656 2580 688 2640 iu
721 2593 970 2640 summoturum
998 2575 1177 2639 discrimine
1205 2575 1245 2640 cb

186 2678 327 2740 exercitu
354 2683 491 2754 creatus,
521 2695 590 2738 curn
625 2685 657 2742 et
689 2677 825 2741 locorum
859 2677 1022 2758 iniquitate
1055 2683 1178 2757 captus,
1214 2684 1245 2738 et

184 2777 323 2840 hostibus
346 2777 578 2858 circumseptus,
604 2779 717 2841 nullam
741 2778 892 2842 evadendi
914 2777 1089 2840 facultatem
1112 2778 1243 2840 nancis-

185 2884 324 2955 seretur,
354 2875 464 2940 loedus
490 2895 560 2940 cum
583 2877 713 2958 Sapore,
742 2879 900 2944 Persarum
923 2896 1015 2960 rege,
1043 2878 1103 2940 etsi
1125 2895 1244 2960 parum,

186 2976 236 3058 (ut.
247 2975 376 3059 putant)
391 2977 529 3058 dignum
544 2979 618 3040 satis
632 2985 735 3040 tumen
751 2969 957 3043 necessarlum
973 2979 1103 3060 pepigit:
1129 2981 1244 3060 quippe

185 3083 220 3140 ut
252 3083 350 3138 tutum
383 3082 416 3140 et
446 3077 631 3142 incolumem
656 3077 827 3144 Romanum
856 3080 1025 3144 exereitum
1053 3078 1244 3142 consulum

185 3177 373 3241 abiuoursu
394 3177 544 3258 bostium,
571 3182 774 3244 verumetiam
796 3182 973 3248 elocutum
996 3179 1134 3261 periculo
1157 3179 1244 3242 libc—

184 3286 283 3357 raret,
311 3277 432 3342 Nisibin
457 3280 600 3361 oppidum
623 3286 654 3344 et
676 3287 792 3361 purtem
815 3283 982 3364 superioris
1004 3280 1245 3361 Mesopotamiae

185 3379 285 3441 Persis
307 3375 468 3443 concessit.
512 3379 588 3442 lude
608 3381 680 3444 dum
702 3382 741 3444 ed
762 3382 917 3464 Illyricum
939 3382 1154 3462 redieus‚eper
1176 3378 1244 3442 Gu-

185 3480 288 3542 latiam
310 3479 369 3540 iter
396 3481 476 3562 agit,
506 3499 575 3543 cum
603 3483 636 3544 in
663 3482 837 3548 cubiculum
860 3483 1013 3564 quoddam
1035 3499 1150 3545 novum
1172 3498 1245 3544 sese

186 3579 323 3641 cubitum
356 3580 539 3660 recepisset,
573 3581 676 3650 calore
705 3601 869 3663 prunarum
897 3590 929 3646 et
955 3584 1064 3647 nidore
1091 3582 1245 3663 parietum

186 3697 284 3761 nuper
306 3680 391 3744 ealce
412 3680 558 3771 illitorum
579 3683 762 3764 adgravatus
784 3691 816 3747 et
837 3684 1020 3763 suffocatus,
1049 3691 1159 3746 octavo
1182 3682 1244 3746 de-

187 3798 268 3842 mum
290 3775 413 3861 meuse,
435 3800 526 3862 quam
548 3783 700 3862 imperare
721 3791 881 3864 coeperat,
903 3786 996 3850 vitum
1018 3783 1129 3848 linivit.
