<?xml version="1.0" encoding="UTF-8"?>
<!DOCTYPE html PUBLIC "-//W3C//DTD XHTML 1.0 Transitional//EN"
    "http://www.w3.org/TR/xhtml1/DTD/xhtml1-transitional.dtd">
<html xmlns="http://www.w3.org/1999/xhtml" xml:lang="en" lang="en">
 <head>
  <title>
</title>
<meta http-equiv="Content-Type" content="text/html;charset=utf-8" />
  <meta name='ocr-system' content='tesseract 3.04.00' />
  <meta name='ocr-capabilities' content='ocr_page ocr_carea ocr_par ocr_line ocrx_word'/>
</head>
<body>
  <div class='ocr_page' id='page_1' title='image "./pauliorosiipres00havegoog_0258.png"; bbox 0 0 2634 4434; ppageno 0'>
   <div class='ocr_carea' id='block_1_1' title="bbox 491 321 700 433">
    <p class='ocr_par' dir='ltr' id='par_1_1' title="bbox 491 321 700 433">
     <span class='ocr_line' id='line_1_1' title="bbox 491 321 700 433; baseline -0.01 -41"><span class='ocrx_word' id='word_1_1' title='bbox 491 321 700 433; x_wconf 46' lang='lat' dir='ltr'>Q</span> 
     </span>
    </p>
   </div>
   <div class='ocr_carea' id='block_1_2' title="bbox 54 554 1124 940">
    <p class='ocr_par' dir='ltr' id='par_1_2' title="bbox 54 554 1124 940">
     <span class='ocr_line' id='line_1_2' title="bbox 56 554 1122 637; baseline 0.006 -20"><span class='ocrx_word' id='word_1_2' title='bbox 56 554 205 634; x_wconf 80' lang='lat' dir='ltr'><strong>Romam,</strong></span> <span class='ocrx_word' id='word_1_3' title='bbox 228 572 311 617; x_wconf 90' lang='lat' dir='ltr'><strong>nunc</strong></span> <span class='ocrx_word' id='word_1_4' title='bbox 332 573 432 636; x_wconf 84' lang='lat' dir='ltr'><strong>aeque</strong></span> <span class='ocrx_word' id='word_1_5' title='bbox 453 554 600 637; x_wconf 90' lang='lat' dir='ltr'><strong>gentibus</strong></span> <span class='ocrx_word' id='word_1_6' title='bbox 622 556 842 634; x_wconf 71' lang='lat' dir='ltr'>dominantem,</span> <span class='ocrx_word' id='word_1_7' title='bbox 864 565 1020 637; x_wconf 86' lang='lat' dir='ltr'><strong>compacta</strong></span> <span class='ocrx_word' id='word_1_8' title='bbox 1042 577 1122 622; x_wconf 86' lang='lat' dir='ltr'><strong>aon-</strong></span> 
     </span>
     <span class='ocr_line' id='line_1_3' title="bbox 54 654 1124 737; baseline 0.006 -21"><span class='ocrx_word' id='word_1_9' title='bbox 54 657 196 736; x_wconf 88' lang='lat' dir='ltr'><strong>scripsi:</strong></span> <span class='ocrx_word' id='word_1_10' title='bbox 219 655 316 718; x_wconf 85' lang='lat' dir='ltr'><strong>luisse</strong></span> <span class='ocrx_word' id='word_1_11' title='bbox 338 655 415 717; x_wconf 93' lang='lat' dir='ltr'><strong>illud</strong></span> <span class='ocrx_word' id='word_1_12' title='bbox 436 655 578 735; x_wconf 89' lang='lat' dir='ltr'><strong>primurn,</strong></span> <span class='ocrx_word' id='word_1_13' title='bbox 601 654 661 717; x_wconf 90' lang='lat' dir='ltr'><strong>hoc</strong></span> <span class='ocrx_word' id='word_1_14' title='bbox 683 655 824 718; x_wconf 89' lang='lat' dir='ltr'><strong>ultimum</strong></span> <span class='ocrx_word' id='word_1_15' title='bbox 846 657 1024 737; x_wconf 85' lang='lat' dir='ltr'><strong>imperium:</strong></span> <span class='ocrx_word' id='word_1_16' title='bbox 1048 660 1124 722; x_wconf 91' lang='lat' dir='ltr'><strong>illud</strong></span> 
     </span>
     <span class='ocr_line' id='line_1_4' title="bbox 56 755 1124 834; baseline 0.006 -18"><span class='ocrx_word' id='word_1_17' title='bbox 56 757 213 834; x_wconf 89' lang='lat' dir='ltr'><strong>paulatim</strong></span> <span class='ocrx_word' id='word_1_18' title='bbox 236 755 366 833; x_wconf 84' lang='lat' dir='ltr'><strong>cedens,</strong></span> <span class='ocrx_word' id='word_1_19' title='bbox 389 763 420 817; x_wconf 88' lang='lat' dir='ltr'><strong>at</strong></span> <span class='ocrx_word' id='word_1_20' title='bbox 442 756 524 818; x_wconf 89' lang='lat' dir='ltr'><strong>istud</strong></span> <span class='ocrx_word' id='word_1_21' title='bbox 545 757 661 819; x_wconf 86' lang='lat' dir='ltr'><strong>sensim</strong></span> <span class='ocrx_word' id='word_1_22' title='bbox 689 755 926 818; x_wconf 89' lang='lat' dir='ltr'><strong>convalescens:</strong></span> <span class='ocrx_word' id='word_1_23' title='bbox 958 756 1124 822; x_wconf 81' lang='lat' dir='ltr'><strong>deduxisse</strong></span> 
     </span>
     <span class='ocr_line' id='line_1_5' title="bbox 56 855 1123 940; baseline 0.004 -24"><span class='ocrx_word' id='word_1_24' title='bbox 56 855 112 917; x_wconf 91' lang='lat' dir='ltr'><strong>illi</strong></span> <span class='ocrx_word' id='word_1_25' title='bbox 129 856 187 918; x_wconf 90' lang='lat' dir='ltr'><strong>sub</strong></span> <span class='ocrx_word' id='word_1_26' title='bbox 203 874 265 919; x_wconf 89' lang='lat' dir='ltr'><strong>nno</strong></span> <span class='ocrx_word' id='word_1_27' title='bbox 280 864 418 938; x_wconf 89' lang='lat' dir='ltr'><strong>tempore</strong></span> <span class='ocrx_word' id='word_1_28' title='bbox 432 858 631 920; x_wconf 86' lang='lat' dir='ltr'><strong>novissimum</strong></span> <span class='ocrx_word' id='word_1_29' title='bbox 646 876 765 940; x_wconf 91' lang='lat' dir='ltr'><strong>regem,</strong></span> <span class='ocrx_word' id='word_1_30' title='bbox 788 858 839 920; x_wconf 91' lang='lat' dir='ltr'><strong>isti</strong></span> <span class='ocrx_word' id='word_1_31' title='bbox 860 858 990 938; x_wconf 85' lang='lat' dir='ltr'><strong>primurn</strong></span> <span class='ocrx_word' id='word_1_32' title='bbox 1009 856 1123 920; x_wconf 73' lang='lat' dir='ltr'><strong>luisses</strong></span> 
     </span>
    </p>
   </div>
   <div class='ocr_carea' id='block_1_3' title="bbox 57 957 1226 1039">
    <p class='ocr_par' dir='ltr' id='par_1_3' title="bbox 57 957 1226 1039">
     <span class='ocr_line' id='line_1_6' title="bbox 57 957 1226 1039; baseline 0.003 -22"><span class='ocrx_word' id='word_1_33' title='bbox 57 957 151 1017; x_wconf 85' lang='lat' dir='ltr'><strong>illarn</strong></span> <span class='ocrx_word' id='word_1_34' title='bbox 175 957 298 1020; x_wconf 87' lang='lat' dir='ltr'><strong>deinde·</strong></span> <span class='ocrx_word' id='word_1_35' title='bbox 311 966 384 1021; x_wconf 88' lang='lat' dir='ltr'><strong>tune</strong></span> <span class='ocrx_word' id='word_1_36' title='bbox 406 959 571 1021; x_wconf 74' lang='lat' dir='ltr'><strong>invadente</strong></span> <span class='ocrx_word' id='word_1_37' title='bbox 592 959 672 1039; x_wconf 77' lang='lat' dir='ltr'><strong>Cyro</strong></span> <span class='ocrx_word' id='word_1_38' title='bbox 695 966 812 1039; x_wconf 80' lang='lat' dir='ltr'><strong>captain</strong></span> <span class='ocrx_word' id='word_1_39' title='bbox 833 958 920 1020; x_wconf 89' lang='lat' dir='ltr'><strong>velut</strong></span> <span class='ocrx_word' id='word_1_40' title='bbox 941 960 973 1021; x_wconf 92' lang='lat' dir='ltr'><strong>in</strong></span> <span class='ocrx_word' id='word_1_41' title='bbox 997 962 1125 1020; x_wconf 87' lang='lat' dir='ltr'><strong>mortem</strong></span> <span class='ocrx_word' id='word_1_42' title='bbox 1222 977 1226 985; x_wconf 89' lang='lat'><strong>·</strong></span> 
     </span>
    </p>
   </div>
   <div class='ocr_carea' id='block_1_4' title="bbox 55 1057 1137 3946">
    <p class='ocr_par' dir='ltr' id='par_1_4' title="bbox 55 1057 1137 3946">
     <span class='ocr_line' id='line_1_7' title="bbox 56 1057 1124 1140; baseline 0.002 -22"><span class='ocrx_word' id='word_1_43' title='bbox 56 1058 258 1136; x_wconf 81' lang='lat' dir='ltr'><strong>concidisse,</strong></span> <span class='ocrx_word' id='word_1_44' title='bbox 286 1079 356 1122; x_wconf 92' lang='lat' dir='ltr'><strong>cum</strong></span> <span class='ocrx_word' id='word_1_45' title='bbox 385 1061 472 1120; x_wconf 88' lang='lat' dir='ltr'><strong>istam</strong></span> <span class='ocrx_word' id='word_1_46' title='bbox 500 1057 683 1119; x_wconf 83' lang='lat' dir='ltr'><strong>fiducialiter</strong></span> <span class='ocrx_word' id='word_1_47' title='bbox 715 1059 931 1140; x_wconf 76' lang='lat' dir='ltr'><strong>adsurgentem</strong></span> <span class='ocrx_word' id='word_1_48' title='bbox 961 1065 1030 1138; x_wconf 90' lang='lat' dir='ltr'><strong>post</strong></span> <span class='ocrx_word' id='word_1_49' title='bbox 1063 1075 1124 1120; x_wconf 83' lang='lat' dir='ltr'><strong>ex-</strong></span> 
     </span>
     <span class='ocr_line' id='line_1_8' title="bbox 57 1153 1125 1242; baseline 0.001 -24"><span class='ocrx_word' id='word_1_50' title='bbox 57 1159 173 1237; x_wconf 91' lang='lat' dir='ltr'><strong>pulsos</strong></span> <span class='ocrx_word' id='word_1_51' title='bbox 194 1176 286 1240; x_wconf 87' lang='lat' dir='ltr'><strong>reges</strong></span> <span class='ocrx_word' id='word_1_52' title='bbox 308 1160 415 1221; x_wconf 87' lang='lat' dir='ltr'><strong>liberis</strong></span> <span class='ocrx_word' id='word_1_53' title='bbox 437 1158 483 1217; x_wconf 88' lang='lat' dir='ltr'><strong>nti</strong></span> <span class='ocrx_word' id='word_1_54' title='bbox 504 1159 644 1236; x_wconf 88' lang='lat' dir='ltr'><strong>coepisse</strong></span> <span class='ocrx_word' id='word_1_55' title='bbox 667 1157 819 1219; x_wconf 87' lang='lat' dir='ltr'><strong>consiliis:</strong></span> <span class='ocrx_word' id='word_1_56' title='bbox 844 1159 1008 1238; x_wconf 74' lang='lat' dir='ltr'><strong>praecipue</strong></span> <span class='ocrx_word' id='word_1_57' title='bbox 1038 1153 1125 1242; x_wconf 76' lang='lat' dir='ltr'><strong>[lbi]</strong></span> 
     </span>
     <span class='ocr_line' id='line_1_9' title="bbox 57 1257 1125 1337; baseline 0 -18"><span class='ocrx_word' id='word_1_58' title='bbox 57 1277 157 1336; x_wconf 88' lang='lat' dir='ltr'><strong>cum,</strong></span> <span class='ocrx_word' id='word_1_59' title='bbox 179 1260 357 1321; x_wconf 74' lang='lat' dir='ltr'><strong>vindicante</strong></span> <span class='ocrx_word' id='word_1_60' title='bbox 380 1258 552 1319; x_wconf 84' lang='lat' dir='ltr'><strong>libertatern</strong></span> <span class='ocrx_word' id='word_1_61' title='bbox 574 1275 660 1320; x_wconf 90' lang='lat' dir='ltr'><strong>suam</strong></span> <span class='ocrx_word' id='word_1_62' title='bbox 682 1257 793 1334; x_wconf 87' lang='lat' dir='ltr'><strong>Roma,</strong></span> <span class='ocrx_word' id='word_1_63' title='bbox 820 1264 895 1320; x_wconf 88' lang='lat' dir='ltr'><strong>tune</strong></span> <span class='ocrx_word' id='word_1_64' title='bbox 917 1274 1042 1337; x_wconf 85' lang='lat' dir='ltr'><strong>quoque</strong></span> <span class='ocrx_word' id='word_1_65' title='bbox 1063 1257 1125 1319; x_wconf 83' lang='lat' dir='ltr'><strong>Ju-</strong></span> 
     </span>
     <span class='ocr_line' id='line_1_10' title="bbox 57 1357 1125 1440; baseline -0.001 -20"><span class='ocrx_word' id='word_1_66' title='bbox 57 1359 217 1420; x_wconf 85' lang='lat' dir='ltr'><strong>dacorum</strong></span> <span class='ocrx_word' id='word_1_67' title='bbox 244 1358 392 1438; x_wconf 89' lang='lat' dir='ltr'><strong>populus,</strong></span> <span class='ocrx_word' id='word_1_68' title='bbox 421 1361 474 1438; x_wconf 87' lang='lat' dir='ltr'><strong>qui</strong></span> <span class='ocrx_word' id='word_1_69' title='bbox 500 1358 581 1438; x_wconf 90' lang='lat' dir='ltr'><strong>apud</strong></span> <span class='ocrx_word' id='word_1_70' title='bbox 603 1358 802 1440; x_wconf 81' lang='lat' dir='ltr'><strong>Babyloniam</strong></span> <span class='ocrx_word' id='word_1_71' title='bbox 825 1357 882 1420; x_wconf 91' lang='lat' dir='ltr'><strong>sub</strong></span> <span class='ocrx_word' id='word_1_72' title='bbox 904 1358 1031 1439; x_wconf 88' lang='lat' dir='ltr'><strong>regibus</strong></span> <span class='ocrx_word' id='word_1_73' title='bbox 1053 1371 1125 1420; x_wconf 84' lang='lat' dir='ltr'><strong>ser-</strong></span> 
     </span>
     <span class='ocr_line' id='line_1_11' title="bbox 55 1457 1125 1540; baseline 0 -21"><span class='ocrx_word' id='word_1_74' title='bbox 55 1459 191 1534; x_wconf 85' lang='lat' dir='ltr'><strong>viebat,</strong></span> <span class='ocrx_word' id='word_1_75' title='bbox 220 1459 252 1519; x_wconf 93' lang='lat' dir='ltr'><strong>in</strong></span> <span class='ocrx_word' id='word_1_76' title='bbox 279 1467 414 1521; x_wconf 88' lang='lat' dir='ltr'><strong>sanctam</strong></span> <span class='ocrx_word' id='word_1_77' title='bbox 442 1458 632 1522; x_wconf 86' lang='lat' dir='ltr'><strong>Hierusalem</strong></span> <span class='ocrx_word' id='word_1_78' title='bbox 660 1466 783 1540; x_wconf 87' lang='lat' dir='ltr'><strong>recepta</strong></span> <span class='ocrx_word' id='word_1_79' title='bbox 815 1457 958 1521; x_wconf 85' lang='lat' dir='ltr'><strong>libertate</strong></span> <span class='ocrx_word' id='word_1_80' title='bbox 987 1458 1125 1535; x_wconf 88' lang='lat' dir='ltr'><strong>redierit,</strong></span> 
     </span>
     <span class='ocr_line' id='line_1_12' title="bbox 57 1557 1127 1640; baseline 0 -21"><span class='ocrx_word' id='word_1_81' title='bbox 57 1558 283 1639; x_wconf 83' lang='lat' dir='ltr'><strong>templumque</strong></span> <span class='ocrx_word' id='word_1_82' title='bbox 304 1560 443 1638; x_wconf 88' lang='lat' dir='ltr'><strong>Domini,</strong></span> <span class='ocrx_word' id='word_1_83' title='bbox 470 1561 554 1622; x_wconf 91' lang='lat' dir='ltr'><strong>sicut</strong></span> <span class='ocrx_word' id='word_1_84' title='bbox 577 1579 595 1620; x_wconf 92' lang='lat' dir='ltr'><strong>a</strong></span> <span class='ocrx_word' id='word_1_85' title='bbox 624 1559 781 1640; x_wconf 90' lang='lat' dir='ltr'><strong>prophetis</strong></span> <span class='ocrx_word' id='word_1_86' title='bbox 803 1559 992 1638; x_wconf 87' lang='lat' dir='ltr'><strong>praedictum</strong></span> <span class='ocrx_word' id='word_1_87' title='bbox 1014 1557 1127 1638; x_wconf 84' lang='lat' dir='ltr'><strong>fuerat,</strong></span> 
     </span>
     <span class='ocr_line' id='line_1_13' title="bbox 57 1657 1126 1738; baseline 0 -19"><span class='ocrx_word' id='word_1_88' title='bbox 57 1658 261 1723; x_wconf 79' lang='lat' dir='ltr'><strong>reformarit·</strong></span> <span class='ocrx_word' id='word_1_89' title='bbox 297 1661 457 1722; x_wconf 88' lang='lat' dir='ltr'><strong>Praeterea</strong></span> <span class='ocrx_word' id='word_1_90' title='bbox 487 1660 701 1722; x_wconf 84' lang='lat' dir='ltr'><strong>intercessisse</strong></span> <span class='ocrx_word' id='word_1_91' title='bbox 727 1658 863 1721; x_wconf 87' lang='lat' dir='ltr'><strong>dixeram</strong></span> <span class='ocrx_word' id='word_1_92' title='bbox 886 1659 968 1720; x_wconf 90' lang='lat' dir='ltr'><strong>inter</strong></span> <span class='ocrx_word' id='word_1_93' title='bbox 989 1657 1126 1738; x_wconf 78' lang='lat' dir='ltr'><strong>Babylo-</strong></span> 
     </span>
     <span class='ocr_line' id='line_1_14' title="bbox 61 1756 1127 1842; baseline 0 -23"><span class='ocrx_word' id='word_1_94' title='bbox 61 1759 155 1820; x_wconf 92' lang='lat' dir='ltr'><strong>nium</strong></span> <span class='ocrx_word' id='word_1_95' title='bbox 178 1778 321 1842; x_wconf 87' lang='lat' dir='ltr'><strong>regnum,</strong></span> <span class='ocrx_word' id='word_1_96' title='bbox 349 1760 432 1842; x_wconf 83' lang='lat' dir='ltr'><strong>quod</strong></span> <span class='ocrx_word' id='word_1_97' title='bbox 454 1760 492 1821; x_wconf 90' lang='lat' dir='ltr'><strong>ab</strong></span> <span class='ocrx_word' id='word_1_98' title='bbox 515 1759 643 1821; x_wconf 89' lang='lat' dir='ltr'><strong>Oriente</strong></span> <span class='ocrx_word' id='word_1_99' title='bbox 666 1757 767 1820; x_wconf 87' lang='lat' dir='ltr'><strong>luerat</strong></span> <span class='ocrx_word' id='word_1_100' title='bbox 789 1765 820 1820; x_wconf 90' lang='lat' dir='ltr'><strong>et</strong></span> <span class='ocrx_word' id='word_1_101' title='bbox 841 1756 1021 1834; x_wconf 78' lang='lat' dir='ltr'><strong>Ronlanum,</strong></span> <span class='ocrx_word' id='word_1_102' title='bbox 1044 1757 1127 1836; x_wconf 84' lang='lat' dir='ltr'><strong>quod</strong></span> 
     </span>
     <span class='ocr_line' id='line_1_15' title="bbox 61 1856 1126 1944; baseline -0.002 -24"><span class='ocrx_word' id='word_1_103' title='bbox 61 1859 107 1920; x_wconf 85' lang='lat' dir='ltr'><strong>nb</strong></span> <span class='ocrx_word' id='word_1_104' title='bbox 132 1859 302 1924; x_wconf 82' lang='lat' dir='ltr'><strong>Occidente</strong></span> <span class='ocrx_word' id='word_1_105' title='bbox 324 1878 516 1944; x_wconf 86' lang='lat' dir='ltr'><strong>consurgens</strong></span> <span class='ocrx_word' id='word_1_106' title='bbox 537 1859 720 1922; x_wconf 87' lang='lat' dir='ltr'><strong>haereditati</strong></span> <span class='ocrx_word' id='word_1_107' title='bbox 742 1858 877 1921; x_wconf 87' lang='lat' dir='ltr'><strong>Orientis</strong></span> <span class='ocrx_word' id='word_1_108' title='bbox 903 1856 1126 1935; x_wconf 86' lang='lat' dir='ltr'><strong>enutriebatur,</strong></span> 
     </span>
     <span class='ocr_line' id='line_1_16' title="bbox 62 1958 1126 2042; baseline 0.001 -22"><span class='ocrx_word' id='word_1_109' title='bbox 62 1959 302 2024; x_wconf 86' lang='lat' dir='ltr'><strong>Macedonicum</strong></span> <span class='ocrx_word' id='word_1_110' title='bbox 318 1962 579 2042; x_wconf 82' lang='lat' dir='ltr'><strong>Airiacanumque</strong></span> <span class='ocrx_word' id='word_1_111' title='bbox 594 1977 724 2042; x_wconf 87' lang='lat' dir='ltr'><strong>regnum</strong></span> <span class='ocrx_word' id='word_1_112' title='bbox 745 1958 804 2020; x_wconf 90' lang='lat' dir='ltr'><strong>hoe</strong></span> <span class='ocrx_word' id='word_1_113' title='bbox 826 1966 882 2039; x_wconf 91' lang='lat' dir='ltr'><strong>cst,</strong></span> <span class='ocrx_word' id='word_1_114' title='bbox 906 1959 993 2040; x_wconf 84' lang='lat' dir='ltr'><strong>qtrasi</strong></span> <span class='ocrx_word' id='word_1_115' title='bbox 1016 1977 1032 2020; x_wconf 92' lang='lat' dir='ltr'><strong>a</strong></span> <span class='ocrx_word' id='word_1_116' title='bbox 1055 1975 1126 2021; x_wconf 87' lang='lat' dir='ltr'><strong>mo·</strong></span> 
     </span>
     <span class='ocr_line' id='line_1_17' title="bbox 63 2060 1126 2142; baseline -0.001 -21"><span class='ocrx_word' id='word_1_117' title='bbox 63 2061 209 2140; x_wconf 27' lang='lat' dir='ltr'><strong>ridie-ac</strong></span> <span class='ocrx_word' id='word_1_118' title='bbox 230 2063 449 2142; x_wconf 84' lang='lat' dir='ltr'><strong>septemtrione</strong></span> <span class='ocrx_word' id='word_1_119' title='bbox 470 2063 619 2126; x_wconf 90' lang='lat' dir='ltr'><strong>brevibus</strong></span> <span class='ocrx_word' id='word_1_120' title='bbox 640 2060 760 2124; x_wconf 87' lang='lat' dir='ltr'><strong>vicibus</strong></span> <span class='ocrx_word' id='word_1_121' title='bbox 783 2067 883 2141; x_wconf 86' lang='lat' dir='ltr'><strong>partes</strong></span> <span class='ocrx_word' id='word_1_122' title='bbox 906 2060 1015 2122; x_wconf 90' lang='lat' dir='ltr'><strong>tutoris</strong></span> <span class='ocrx_word' id='word_1_123' title='bbox 1030 2073 1126 2121; x_wconf 85' lang='lat' dir='ltr'><strong>oura-</strong></span> 
     </span>
     <span class='ocr_line' id='line_1_18' title="bbox 67 2155 1126 2242; baseline -0.005 -20"><span class='ocrx_word' id='word_1_124' title='bbox 67 2163 211 2242; x_wconf 90' lang='lat' dir='ltr'><strong>torisque</strong></span> <span class='ocrx_word' id='word_1_125' title='bbox 234 2164 380 2226; x_wconf 87' lang='lat' dir='ltr'><strong>tenuisse.</strong></span> <span class='ocrx_word' id='word_1_126' title='bbox 425 2162 561 2225; x_wconf 89' lang='lat' dir='ltr'><strong>Orientis</strong></span> <span class='ocrx_word' id='word_1_127' title='bbox 582 2170 615 2224; x_wconf 86' lang='lat' dir='ltr'><strong>et</strong></span> <span class='ocrx_word' id='word_1_128' title='bbox 637 2162 814 2224; x_wconf 83' lang='lat' dir='ltr'><strong>Occidentis</strong></span> <span class='ocrx_word' id='word_1_129' title='bbox 836 2177 967 2240; x_wconf 87' lang='lat' dir='ltr'><strong>regnum</strong></span> <span class='ocrx_word' id='word_1_130' title='bbox 988 2155 1126 2236; x_wconf 80' lang='lat' dir='ltr'><strong>Babylo-</strong></span> 
     </span>
     <span class='ocr_line' id='line_1_19' title="bbox 66 2255 1126 2344; baseline -0.008 -21"><span class='ocrx_word' id='word_1_131' title='bbox 66 2263 158 2324; x_wconf 92' lang='lat' dir='ltr'><strong>nium</strong></span> <span class='ocrx_word' id='word_1_132' title='bbox 180 2271 212 2326; x_wconf 92' lang='lat' dir='ltr'><strong>et</strong></span> <span class='ocrx_word' id='word_1_133' title='bbox 231 2263 401 2326; x_wconf 87' lang='lat' dir='ltr'><strong>Romanurn</strong></span> <span class='ocrx_word' id='word_1_134' title='bbox 419 2263 493 2344; x_wconf 88' lang='lat' dir='ltr'><strong>jura</strong></span> <span class='ocrx_word' id='word_1_135' title='bbox 513 2261 660 2338; x_wconf 88' lang='lat' dir='ltr'><strong>vocitari,</strong></span> <span class='ocrx_word' id='word_1_136' title='bbox 683 2261 839 2322; x_wconf 89' lang='lat' dir='ltr'><strong>neminem</strong></span> <span class='ocrx_word' id='word_1_137' title='bbox 866 2273 1000 2336; x_wconf 85' lang='lat' dir='ltr'><strong>unquam</strong></span> <span class='ocrx_word' id='word_1_138' title='bbox 1030 2255 1126 2316; x_wconf 87' lang='lat' dir='ltr'><strong>dubi-</strong></span> 
     </span>
     <span class='ocr_line' id='line_1_20' title="bbox 66 2357 1127 2440; baseline -0.009 -14"><span class='ocrx_word' id='word_1_139' title='bbox 66 2371 154 2426; x_wconf 83' lang='lat' dir='ltr'><strong>tasse</strong></span> <span class='ocrx_word' id='word_1_140' title='bbox 183 2365 257 2426; x_wconf 87' lang='lat' dir='ltr'><strong>scio.</strong></span> <span class='ocrx_word' id='word_1_141' title='bbox 300 2363 532 2425; x_wconf 79' lang='lat' dir='ltr'><strong>Macedonicum</strong></span> <span class='ocrx_word' id='word_1_142' title='bbox 564 2377 696 2440; x_wconf 87' lang='lat' dir='ltr'><strong>regnum</strong></span> <span class='ocrx_word' id='word_1_143' title='bbox 728 2358 786 2421; x_wconf 92' lang='lat' dir='ltr'><strong>suh</strong></span> <span class='ocrx_word' id='word_1_144' title='bbox 820 2357 1030 2437; x_wconf 85' lang='lat' dir='ltr'><strong>septentrione</strong></span> <span class='ocrx_word' id='word_1_145' title='bbox 1057 2367 1127 2418; x_wconf 83' lang='lat' dir='ltr'><strong>esse</strong></span> 
     </span>
     <span class='ocr_line' id='line_1_21' title="bbox 65 2453 1128 2543; baseline -0.011 -17"><span class='ocrx_word' id='word_1_146' title='bbox 65 2482 143 2526; x_wconf 84' lang='lat' dir='ltr'><strong>curn</strong></span> <span class='ocrx_word' id='word_1_147' title='bbox 166 2465 230 2543; x_wconf 90' lang='lat' dir='ltr'><strong>ipsa</strong></span> <span class='ocrx_word' id='word_1_148' title='bbox 251 2464 333 2525; x_wconf 89' lang='lat' dir='ltr'><strong>coeli</strong></span> <span class='ocrx_word' id='word_1_149' title='bbox 361 2463 466 2543; x_wconf 85' lang='lat' dir='ltr'><strong>plaga,</strong></span> <span class='ocrx_word' id='word_1_150' title='bbox 494 2468 558 2522; x_wconf 90' lang='lat' dir='ltr'><strong>tum</strong></span> <span class='ocrx_word' id='word_1_151' title='bbox 587 2458 756 2521; x_wconf 81' lang='lat' dir='ltr'><strong>Alexandri</strong></span> <span class='ocrx_word' id='word_1_152' title='bbox 783 2456 887 2536; x_wconf 82' lang='lat' dir='ltr'><strong>Magni</strong></span> <span class='ocrx_word' id='word_1_153' title='bbox 912 2472 984 2517; x_wconf 91' lang='lat' dir='ltr'><strong>arae</strong></span> <span class='ocrx_word' id='word_1_154' title='bbox 1009 2453 1128 2533; x_wconf 84' lang='lat' dir='ltr'><strong>positae</strong></span> 
     </span>
     <span class='ocr_line' id='line_1_22' title="bbox 66 2553 1128 2643; baseline -0.011 -18"><span class='ocrx_word' id='word_1_155' title='bbox 66 2581 174 2643; x_wconf 83' lang='lat' dir='ltr'><strong>usquc</strong></span> <span class='ocrx_word' id='word_1_156' title='bbox 200 2564 240 2624; x_wconf 92' lang='lat' dir='ltr'><strong>ad</strong></span> <span class='ocrx_word' id='word_1_157' title='bbox 267 2579 351 2623; x_wconf 90' lang='lat' dir='ltr'><strong>nnnc</strong></span> <span class='ocrx_word' id='word_1_158' title='bbox 378 2560 435 2622; x_wconf 91' lang='lat' dir='ltr'><strong>sub</strong></span> <span class='ocrx_word' id='word_1_159' title='bbox 458 2558 601 2639; x_wconf 83' lang='lat' dir='ltr'><strong>Riphaeis</strong></span> <span class='ocrx_word' id='word_1_160' title='bbox 624 2557 777 2618; x_wconf 87' lang='lat' dir='ltr'><strong>montibus</strong></span> <span class='ocrx_word' id='word_1_161' title='bbox 800 2556 919 2617; x_wconf 90' lang='lat' dir='ltr'><strong>docent.</strong></span> <span class='ocrx_word' id='word_1_162' title='bbox 964 2553 1128 2634; x_wconf 83' lang='lat' dir='ltr'><strong>Carthagi-</strong></span> 
     </span>
     <span class='ocr_line' id='line_1_23' title="bbox 67 2653 1128 2738; baseline -0.011 -12"><span class='ocrx_word' id='word_1_163' title='bbox 67 2682 147 2726; x_wconf 87' lang='lat' dir='ltr'><strong>nem</strong></span> <span class='ocrx_word' id='word_1_164' title='bbox 170 2680 245 2724; x_wconf 88' lang='lat' dir='ltr'><strong>vero</strong></span> <span class='ocrx_word' id='word_1_165' title='bbox 273 2661 437 2722; x_wconf 89' lang='lat' dir='ltr'><strong>universae</strong></span> <span class='ocrx_word' id='word_1_166' title='bbox 467 2656 687 2738; x_wconf 87' lang='lat' dir='ltr'><strong>praecelluisse</strong></span> <span class='ocrx_word' id='word_1_167' title='bbox 714 2655 855 2732; x_wconf 82' lang='lat' dir='ltr'><strong>hiriane,</strong></span> <span class='ocrx_word' id='word_1_168' title='bbox 882 2662 916 2716; x_wconf 88' lang='lat' dir='ltr'><strong>et</strong></span> <span class='ocrx_word' id='word_1_169' title='bbox 941 2671 1003 2716; x_wconf 92' lang='lat' dir='ltr'><strong>non</strong></span> <span class='ocrx_word' id='word_1_170' title='bbox 1028 2653 1128 2715; x_wconf 88' lang='lat' dir='ltr'><strong>solum</strong></span> 
     </span>
     <span class='ocr_line' id='line_1_24' title="bbox 69 2753 1129 2839; baseline -0.01 -13"><span class='ocrx_word' id='word_1_171' title='bbox 69 2766 106 2826; x_wconf 93' lang='lat' dir='ltr'><strong>in</strong></span> <span class='ocrx_word' id='word_1_172' title='bbox 132 2762 283 2838; x_wconf 87' lang='lat' dir='ltr'><strong>Siciliam,</strong></span> <span class='ocrx_word' id='word_1_173' title='bbox 308 2760 477 2823; x_wconf 86' lang='lat' dir='ltr'><strong>Sardiniam</strong></span> <span class='ocrx_word' id='word_1_174' title='bbox 505 2765 689 2837; x_wconf 83' lang='lat' dir='ltr'><strong>ceterasque</strong></span> <span class='ocrx_word' id='word_1_175' title='bbox 710 2759 885 2839; x_wconf 88' lang='lat' dir='ltr'><strong>adjacentes</strong></span> <span class='ocrx_word' id='word_1_176' title='bbox 908 2753 1041 2832; x_wconf 84' lang='lat' dir='ltr'><strong>insulas,</strong></span> <span class='ocrx_word' id='word_1_177' title='bbox 1074 2754 1129 2816; x_wconf 88' lang='lat' dir='ltr'><strong>sed</strong></span> 
     </span>
     <span class='ocr_line' id='line_1_25' title="bbox 71 2853 1130 2943; baseline -0.008 -17"><span class='ocrx_word' id='word_1_178' title='bbox 71 2865 168 2926; x_wconf 88' lang='lat' dir='ltr'><strong>etiam</strong></span> <span class='ocrx_word' id='word_1_179' title='bbox 191 2864 222 2925; x_wconf 94' lang='lat' dir='ltr'><strong>in</strong></span> <span class='ocrx_word' id='word_1_180' title='bbox 245 2862 421 2942; x_wconf 84' lang='lat' dir='ltr'><strong>Hispaniam</strong></span> <span class='ocrx_word' id='word_1_181' title='bbox 442 2862 532 2943; x_wconf 84' lang='lat' dir='ltr'><strong>regni</strong></span> <span class='ocrx_word' id='word_1_182' title='bbox 554 2859 701 2922; x_wconf 85' lang='lat' dir='ltr'><strong>terminos</strong></span> <span class='ocrx_word' id='word_1_183' title='bbox 724 2857 909 2934; x_wconf 87' lang='lat' dir='ltr'><strong>tetendisse,</strong></span> <span class='ocrx_word' id='word_1_184' title='bbox 935 2853 1130 2936; x_wconf 85' lang='lat' dir='ltr'><strong>historiarum</strong></span> 
     </span>
     <span class='ocr_line' id='line_1_26' title="bbox 73 2956 1130 3042; baseline -0.011 -14"><span class='ocrx_word' id='word_1_185' title='bbox 73 2965 168 3030; x_wconf 89' lang='lat' dir='ltr'><strong>simul</strong></span> <span class='ocrx_word' id='word_1_186' title='bbox 191 2971 388 3025; x_wconf 88' lang='lat' dir='ltr'><strong>monumenta</strong></span> <span class='ocrx_word' id='word_1_187' title='bbox 409 2962 596 3042; x_wconf 84' lang='lat' dir='ltr'><strong>urbiumque</strong></span> <span class='ocrx_word' id='word_1_188' title='bbox 617 2958 783 3022; x_wconf 89' lang='lat' dir='ltr'><strong>declarant.</strong></span> <span class='ocrx_word' id='word_1_189' title='bbox 821 2957 942 3020; x_wconf 86' lang='lat' dir='ltr'><strong>Dictum</strong></span> <span class='ocrx_word' id='word_1_190' title='bbox 965 2961 1013 3018; x_wconf 88' lang='lat' dir='ltr'><strong>est</strong></span> <span class='ocrx_word' id='word_1_191' title='bbox 1027 2956 1130 3032; x_wconf 87' lang='lat' dir='ltr'><strong>etiam,</strong></span> 
     </span>
     <span class='ocr_line' id='line_1_27' title="bbox 74 3053 1130 3144; baseline -0.011 -16"><span class='ocrx_word' id='word_1_192' title='bbox 74 3072 213 3130; x_wconf 87' lang='lat' dir='ltr'><strong>vastatae</strong></span> <span class='ocrx_word' id='word_1_193' title='bbox 234 3081 290 3144; x_wconf 90' lang='lat' dir='ltr'><strong>per</strong></span> <span class='ocrx_word' id='word_1_194' title='bbox 311 3062 417 3124; x_wconf 91' lang='lat' dir='ltr'><strong>hledos</strong></span> <span class='ocrx_word' id='word_1_195' title='bbox 438 3061 626 3142; x_wconf 78' lang='lat' dir='ltr'><strong>babyloniae</strong></span> <span class='ocrx_word' id='word_1_196' title='bbox 648 3066 682 3121; x_wconf 89' lang='lat' dir='ltr'><strong>et</strong></span> <span class='ocrx_word' id='word_1_197' title='bbox 702 3060 839 3137; x_wconf 90' lang='lat' dir='ltr'><strong>irruptae</strong></span> <span class='ocrx_word' id='word_1_198' title='bbox 860 3075 916 3137; x_wconf 90' lang='lat' dir='ltr'><strong>per</strong></span> <span class='ocrx_word' id='word_1_199' title='bbox 933 3053 1049 3118; x_wconf 84' lang='lat' dir='ltr'><strong>Gelbes</strong></span> <span class='ocrx_word' id='word_1_200' title='bbox 1062 3053 1130 3117; x_wconf 89' lang='lat' dir='ltr'><strong>Ro-</strong></span> 
     </span>
     <span class='ocr_line' id='line_1_28' title="bbox 78 3153 1132 3245; baseline -0.013 -16"><span class='ocrx_word' id='word_1_201' title='bbox 78 3183 158 3244; x_wconf 89' lang='lat' dir='ltr'><strong>mae,</strong></span> <span class='ocrx_word' id='word_1_202' title='bbox 180 3182 269 3245; x_wconf 90' lang='lat' dir='ltr'><strong>pares</strong></span> <span class='ocrx_word' id='word_1_203' title='bbox 291 3162 453 3225; x_wconf 87' lang='lat' dir='ltr'><strong>admodum</strong></span> <span class='ocrx_word' id='word_1_204' title='bbox 475 3177 627 3224; x_wconf 87' lang='lat' dir='ltr'><strong>annorum</strong></span> <span class='ocrx_word' id='word_1_205' title='bbox 648 3173 794 3220; x_wconf 87' lang='lat' dir='ltr'><strong>numeros</strong></span> <span class='ocrx_word' id='word_1_206' title='bbox 808 3157 1010 3216; x_wconf 82' lang='lat' dir='ltr'><strong>concurrisse.</strong></span> <span class='ocrx_word' id='word_1_207' title='bbox 1043 3153 1132 3216; x_wconf 87' lang='lat' dir='ltr'><strong>Nune</strong></span> 
     </span>
     <span class='ocr_line' id='line_1_29' title="bbox 79 3254 1132 3349; baseline -0.016 -19"><span class='ocrx_word' id='word_1_208' title='bbox 79 3274 183 3330; x_wconf 90' lang='lat' dir='ltr'><strong>autem</strong></span> <span class='ocrx_word' id='word_1_209' title='bbox 205 3265 253 3328; x_wconf 87' lang='lat' dir='ltr'><strong>his</strong></span> <span class='ocrx_word' id='word_1_210' title='bbox 275 3264 350 3326; x_wconf 93' lang='lat' dir='ltr'><strong>illud</strong></span> <span class='ocrx_word' id='word_1_211' title='bbox 372 3262 493 3349; x_wconf 88' lang='lat' dir='ltr'><strong>adjicio,</strong></span> <span class='ocrx_word' id='word_1_212' title='bbox 517 3276 579 3340; x_wconf 87' lang='lat' dir='ltr'><strong>quo</strong></span> <span class='ocrx_word' id='word_1_213' title='bbox 601 3257 698 3338; x_wconf 86' lang='lat' dir='ltr'><strong>magis</strong></span> <span class='ocrx_word' id='word_1_214' title='bbox 721 3254 845 3331; x_wconf 90' lang='lat' dir='ltr'><strong>clareat,</strong></span> <span class='ocrx_word' id='word_1_215' title='bbox 868 3271 961 3316; x_wconf 89' lang='lat' dir='ltr'><strong>unum</strong></span> <span class='ocrx_word' id='word_1_216' title='bbox 986 3267 1055 3315; x_wconf 88' lang='lat' dir='ltr'><strong>esse</strong></span> <span class='ocrx_word' id='word_1_217' title='bbox 1076 3265 1132 3314; x_wconf 87' lang='lat' dir='ltr'><strong>ar-</strong></span> 
     </span>
     <span class='ocr_line' id='line_1_30' title="bbox 79 3353 1132 3442; baseline -0.013 -13"><span class='ocrx_word' id='word_1_218' title='bbox 79 3369 193 3429; x_wconf 86' lang='lat' dir='ltr'><strong>bitrum</strong></span> <span class='ocrx_word' id='word_1_219' title='bbox 216 3364 420 3440; x_wconf 88' lang='lat' dir='ltr'><strong>saeculorum,</strong></span> <span class='ocrx_word' id='word_1_220' title='bbox 443 3377 620 3442; x_wconf 86' lang='lat' dir='ltr'><strong>regnorum,</strong></span> <span class='ocrx_word' id='word_1_221' title='bbox 643 3359 844 3434; x_wconf 88' lang='lat' dir='ltr'><strong>locorumque</strong></span> <span class='ocrx_word' id='word_1_222' title='bbox 866 3354 1001 3416; x_wconf 86' lang='lat' dir='ltr'><strong>omniurn</strong></span> <span class='ocrx_word' id='word_1_223' title='bbox 1024 3353 1132 3416; x_wconf 86' lang='lat' dir='ltr'><strong>Deum.</strong></span> 
     </span>
     <span class='ocr_line' id='line_1_31' title="bbox 81 3451 1133 3549; baseline -0.014 -19"><span class='ocrx_word' id='word_1_224' title='bbox 81 3451 221 3549; x_wconf 79' lang='lat' dir='ltr'><strong>Regnum</strong></span> <span class='ocrx_word' id='word_1_225' title='bbox 242 3464 498 3545; x_wconf 78' lang='lat' dir='ltr'><strong>Carthaginiense</strong></span> <span class='ocrx_word' id='word_1_226' title='bbox 519 3478 537 3522; x_wconf 87' lang='lat' dir='ltr'><strong>a</strong></span> <span class='ocrx_word' id='word_1_227' title='bbox 559 3457 736 3521; x_wconf 90' lang='lat' dir='ltr'><strong>conditione</strong></span> <span class='ocrx_word' id='word_1_228' title='bbox 758 3453 917 3535; x_wconf 86' lang='lat' dir='ltr'><strong>usquead</strong></span> <span class='ocrx_word' id='word_1_229' title='bbox 939 3455 1133 3518; x_wconf 85' lang='lat' dir='ltr'><strong>eversionem</strong></span> 
     </span>
     <span class='ocr_line' id='line_1_32' title="bbox 84 3551 1133 3650; baseline -0.017 -19"><span class='ocrx_word' id='word_1_230' title='bbox 84 3571 168 3650; x_wconf 83' lang='lat' dir='ltr'><strong>ejus,</strong></span> <span class='ocrx_word' id='word_1_231' title='bbox 196 3566 287 3648; x_wconf 91' lang='lat' dir='ltr'><strong>paulo</strong></span> <span class='ocrx_word' id='word_1_232' title='bbox 313 3563 443 3644; x_wconf 89' lang='lat' dir='ltr'><strong>amplius</strong></span> <span class='ocrx_word' id='word_1_233' title='bbox 469 3577 559 3642; x_wconf 87' lang='lat' dir='ltr'><strong>quarn</strong></span> <span class='ocrx_word' id='word_1_234' title='bbox 587 3556 791 3640; x_wconf 86' lang='lat' dir='ltr'><strong>septingentis</strong></span> <span class='ocrx_word' id='word_1_235' title='bbox 813 3555 901 3618; x_wconf 88' lang='lat' dir='ltr'><strong>aunis</strong></span> <span class='ocrx_word' id='word_1_236' title='bbox 924 3557 1022 3618; x_wconf 88' lang='lat' dir='ltr'><strong>stetit:</strong></span> <span class='ocrx_word' id='word_1_237' title='bbox 1047 3551 1133 3634; x_wconf 87' lang='grc'><strong>[455]</strong></span> 
     </span>
     <span class='ocr_line' id='line_1_33' title="bbox 84 3648 1136 3749; baseline -0.018 -18"><span class='ocrx_word' id='word_1_238' title='bbox 84 3685 185 3749; x_wconf 86' lang='lat' dir='ltr'><strong>aeque</strong></span> <span class='ocrx_word' id='word_1_239' title='bbox 213 3683 342 3749; x_wconf 86' lang='lat' dir='ltr'><strong>regnum</strong></span> <span class='ocrx_word' id='word_1_240' title='bbox 368 3648 599 3726; x_wconf 83' lang='lat' dir='ltr'><strong>Macedonicum</strong></span> <span class='ocrx_word' id='word_1_241' title='bbox 626 3678 644 3721; x_wconf 93' lang='lat' dir='ltr'><strong>a</strong></span> <span class='ocrx_word' id='word_1_242' title='bbox 672 3657 789 3719; x_wconf 81' lang='lat' dir='ltr'><strong>Carano</strong></span> <span class='ocrx_word' id='word_1_243' title='bbox 821 3673 921 3736; x_wconf 86' lang='lat' dir='ltr'><strong>usque</strong></span> <span class='ocrx_word' id='word_1_244' title='bbox 954 3654 992 3715; x_wconf 93' lang='lat' dir='ltr'><strong>ad</strong></span> <span class='ocrx_word' id='word_1_245' title='bbox 1022 3651 1136 3714; x_wconf 84' lang='lat' dir='ltr'><strong>Persen</strong></span> 
     </span>
     <span class='ocr_line' id='line_1_34' title="bbox 86 3750 1136 3851; baseline -0.018 -20"><span class='ocrx_word' id='word_1_246' title='bbox 86 3770 176 3851; x_wconf 91' lang='lat' dir='ltr'><strong>paulo</strong></span> <span class='ocrx_word' id='word_1_247' title='bbox 199 3767 299 3830; x_wconf 85' lang='lat' dir='ltr'><strong>minus</strong></span> <span class='ocrx_word' id='word_1_248' title='bbox 322 3783 411 3846; x_wconf 88' lang='lat' dir='ltr'><strong>quam</strong></span> <span class='ocrx_word' id='word_1_249' title='bbox 434 3761 518 3825; x_wconf 81' lang='lat' dir='ltr'><strong>DCC.</strong></span> <span class='ocrx_word' id='word_1_250' title='bbox 525 3780 535 3838; x_wconf 84' lang='lat'>3</span> <span class='ocrx_word' id='word_1_251' title='bbox 558 3767 724 3841; x_wconf 88' lang='lat' dir='ltr'><strong>utrumqne</strong></span> <span class='ocrx_word' id='word_1_252' title='bbox 746 3764 850 3819; x_wconf 83' lang='lat' dir='ltr'><strong>lamen.</strong></span> <span class='ocrx_word' id='word_1_253' title='bbox 869 3750 1061 3833; x_wconf 88' lang='lat' dir='ltr'><strong>septenarius</strong></span> <span class='ocrx_word' id='word_1_254' title='bbox 1083 3750 1136 3812; x_wconf 91' lang='lat' dir='ltr'><strong>ille</strong></span> 
     </span>
     <span class='ocr_line' id='line_1_35' title="bbox 88 3849 1137 3946; baseline -0.017 -16"><span class='ocrx_word' id='word_1_255' title='bbox 88 3885 250 3946; x_wconf 87' lang='lat' dir='ltr'><strong>numerus,</strong></span> <span class='ocrx_word' id='word_1_256' title='bbox 283 3883 346 3946; x_wconf 83' lang='lat' dir='ltr'><strong>quo</strong></span> <span class='ocrx_word' id='word_1_257' title='bbox 368 3864 547 3946; x_wconf 86' lang='lat' dir='ltr'><strong>judicantur</strong></span> <span class='ocrx_word' id='word_1_258' title='bbox 572 3861 691 3938; x_wconf 84' lang='lat' dir='ltr'><strong>omnia,</strong></span> <span class='ocrx_word' id='word_1_259' title='bbox 721 3854 902 3917; x_wconf 79' lang='lat' dir='ltr'><strong>terminavit,</strong></span> <span class='ocrx_word' id='word_1_260' title='bbox 945 3849 1040 3911; x_wconf 89' lang='lat' dir='ltr'><strong>Roma</strong></span> <span class='ocrx_word' id='word_1_261' title='bbox 1072 3849 1137 3929; x_wconf 90' lang='lat' dir='ltr'><strong>ipsa</strong></span> 
     </span>
    </p>
   </div>
   <div class='ocr_carea' id='block_1_5' title="bbox 89 3947 1137 4048">
    <p class='ocr_par' dir='ltr' id='par_1_5' title="bbox 89 3947 1137 4048">
     <span class='ocr_line' id='line_1_36' title="bbox 89 3947 1137 4048; baseline -0.022 -15"><span class='ocrx_word' id='word_1_262' title='bbox 89 3971 196 4048; x_wconf 88' lang='lat' dir='ltr'><strong>etiam,</strong></span> <span class='ocrx_word' id='word_1_263' title='bbox 230 3966 369 4048; x_wconf 85' lang='lat' dir='ltr'><strong>quamvis</strong></span> <span class='ocrx_word' id='word_1_264' title='bbox 395 3963 434 4025; x_wconf 91' lang='lat' dir='ltr'><strong>ad</strong></span> <span class='ocrx_word' id='word_1_265' title='bbox 458 3962 624 4024; x_wconf 80' lang='lat' dir='ltr'><strong>adrentum</strong></span> <span class='ocrx_word' id='word_1_266' title='bbox 651 3955 775 4038; x_wconf 83' lang='lat' dir='ltr'><strong>Domini</strong></span> <span class='ocrx_word' id='word_1_267' title='bbox 802 3950 898 4012; x_wconf 87' lang='lat' dir='ltr'><strong>nostri</strong></span> <span class='ocrx_word' id='word_1_268' title='bbox 923 3947 998 4011; x_wconf 85' lang='lat' dir='ltr'><strong>lesu</strong></span> <span class='ocrx_word' id='word_1_269' title='bbox 1027 3947 1137 4010; x_wconf 85' lang='lat' dir='ltr'><strong>Christi</strong></span> 
     </span>
    </p>
   </div>
   <div class='ocr_carea' id='block_1_6' title="bbox 0 0 1348 4434">
    <p class='ocr_par' dir='ltr' id='par_1_6' title="bbox 0 0 1348 4434">
     <span class='ocr_line' id='line_1_37' title="bbox 0 0 1348 4434; baseline 0 0"><span class='ocrx_word' id='word_1_270' title='bbox 0 0 1348 4434; x_wconf 95' lang='lat' dir='ltr'><strong> </strong></span> 
     </span>
    </p>
   </div>
  </div>
 </body>
</html>
