2634 4434
468 340 675 451 Q

43 583 193 638 asenatu
216 573 379 648 Gallienus.
423 543 596 658 Mansitque
619 577 778 640 Gallienus
804 579 838 638 in
863 595 960 659 regno
988 579 1097 642 infeli-

43 679 122 740 citer
143 677 232 740 annis
262 678 453 757 quindecim,
481 681 651 760 respirante
680 679 835 760 paulisper
862 678 900 740 ab
928 679 979 742 illa
1008 678 1097 756 [517]

42 790 135 858 supra
168 778 291 840 solitum
318 780 388 861 jugi
421 788 452 842 et
483 783 571 864 gravi
603 781 777 862 pestilentia
808 798 925 863 genere
957 781 1099 843 humano.
1192 782 1197 798 ¹

41 880 194 953 Provocat
220 896 349 959 poenam
381 899 467 944 suam
501 884 650 946 obliviosa
684 883 800 944 militia.
844 881 987 962 Impietas
1017 883 1100 944 enirn

41 980 166 1062 flagella
194 981 317 1060 quidem
347 985 522 1045 excruciata
549 987 658 1061 sentit,
692 985 747 1045 sed
780 1003 797 1044 a
830 1000 891 1062 quo
919 982 1100 1064 flagellatur,

42 1081 192 1144 obdurata
215 1099 277 1144 non
299 1084 400 1144 sentit.
445 1083 484 1143 Ut
510 1083 549 1143 de
577 1083 789 1161 superioribus
816 1090 949 1160 taceam,
975 1083 1055 1145 sacta
1084 1101 1101 1143 a

41 1183 143 1244 Decio
166 1182 407 1244 Christianorum
429 1182 660 1260 persecutione,
689 1191 784 1245 totum
807 1183 975 1245 Romanurn
998 1185 1100 1263 impe·

41 1286 124 1346 rium
149 1282 324 1363 pestilentia
346 1299 455 1362 magna
477 1285 610 1345 vexavit.
646 1283 772 1347 Montila
796 1292 843 1346 est
865 1285 1009 1364 iniquitas
1032 1283 1102 1360 sibi,

41 1402 142 1465 pravo
165 1386 197 1444 in
219 1382 386 1461 perniciem
409 1399 493 1444 suam
516 1386 724 1447 circumventa
744 1387 873 1468 Judici0,
896 1386 1102 1466 pestilentiam

42 1485 219 1548 communis
248 1501 316 1545 esse
345 1502 450 1562 casus,
478 1486 732 1567 accidentemque
760 1506 799 1548 ex
827 1474 941 1550 morbis
973 1495 1102 1571 mortem

41 1575 177 1649 naturae
198 1583 290 1645 finem
317 1601 401 1662 esse,
429 1603 491 1646 non
520 1604 657 1665 poenam.
701 1587 817 1649 Rursus
839 1590 934 1668 igitur
956 1594 1048 1666 atque
1070 1589 1103 1647 in

42 1689 147 1764 brevi,
163 1687 238 1748 iram
266 1685 325 1747 Dei
352 1685 510 1748 sceleratis
539 1688 711 1749 actionibus
744 1695 903 1769 provocat,
937 1693 1104 1767 exceptura

44 1790 184 1869 plagam,
218 1789 306 1869 cujus
338 1787 502 1867 aliquando
536 1790 712 1850 meminisse
745 1797 879 1871 cogatur.
923 1788 1104 1850 Valerianus

45 1889 217 1969 siquidem,
250 1907 323 1950 mox
350 1896 384 1950 ut
412 1889 540 1969 arripuit
566 1888 745 1970 Imperium,
773 1897 899 1952 octavus
926 1910 943 1952 a
970 1890 1104 1967 Nerone,

47 1990 133 2071 adigi
154 2007 210 2068 per
230 1996 379 2052 tormenta
401 1989 588 2068 Christianos
610 1992 648 2053 ad
671 1991 870 2054 idololatriam
893 1992 1104 2074 abnegantes-

48 2109 113 2170 que
137 2089 266 2152 interfici
284 2092 393 2171 jussit,
421 2090 490 2154 susc
513 2111 711 2173 peromnem
734 2093 861 2155 Romani
883 2095 972 2173 regni
994 2093 1104 2153 latitu-

49 2191 155 2253 dinem
171 2199 344 2254 sanctorum
360 2194 518 2273 sanguine.
555 2192 737 2254 Valerianus
758 2194 852 2268 illico,
875 2193 985 2253 nefarii
1000 2197 1118 2252 auctor,

49 2293 161 2369 edicti,
189 2313 206 2353 a
229 2292 344 2373 Sapore
370 2293 529 2354 Persarum
555 2310 632 2373 rege
661 2299 781 2372 captuS,
809 2293 976 2371 Imperator
1002 2289 1107 2371 populi

48 2393 180 2455 Romani
207 2393 496 2477 ignominiosissima
525 2392 605 2471 apud
627 2392 734 2453 Persas
756 2395 904 2454 servitute
930 2392 1106 2453 consenuit:

49 2495 112 2556 hoo
134 2492 256 2555 infamis
279 2479 372 2554 officii
395 2493 555 2569 continua,
583 2492 683 2552 donec
704 2494 797 2569 vixit,
821 2493 1014 2552 damnatione
1035 2507 1108 2552 sor-

51 2598 145 2670 titus,
175 2600 209 2654 ut
234 2595 300 2671 ipse
323 2591 449 2652 acclinis
470 2589 570 2668 humi,
592 2609 699 2673 regem
721 2609 815 2672 super
836 2593 1053 2654 adscensurum
1077 2593 1109 2653 in

52 2710 170 2777 equum
194 2708 256 2752 non
278 2709 462 2767 manusco,
490 2692 544 2754 sed
567 2692 657 2754 dorso
679 2693 848 2756 adtolleret.
893 2693 931 2754 Et
954 2692 1110 2754 Gallienus

54 2780 182 2875 quidem
218 2801 277 2853 tam
314 2792 397 2859 claro
428 2792 487 2853 Dei
515 2793 633 2873 judicio
666 2796 807 2871 territuS,
841 2801 964 2873 tamque
989 2794 1111 2876 aemisero

31 2897 195 2976 'collegae
217 2901 373 2974 permotus
395 2894 550 2973 exemplo,
578 2913 684 2974 pacem
707 2895 854 2958 Ecclesiis
877 2895 994 2976 trepida
1016 2895 1110 2956 satis-

55 2998 193 3060 factione
215 2995 357 3058 restituit.
392 2995 452 3056 Sed
474 3012 536 3055 non
559 2992 736 3074 compensat
758 2998 889 3078 injuriae
904 2997 1002 3059 ultio·
1027 2991 1111 3078 [518]

57 3101 170 3179 nisque
193 3114 365 3158 mensuram
389 3095 480 3156 unius
502 3096 603 3174 impii,
634 3099 773 3175 quamvis
800 3103 947 3176 perpetua
970 3103 1001 3156 et
1023 3099 1114 3174 supra

58 3198 182 3262 modurn
206 3196 408 3262 abominanda
430 3196 605 3274 captivitas,
629 3203 734 3257 contra
757 3199 806 3257 tot
824 3196 918 3256 millia
940 3196 1115 3257 excruciata

3 3339 9 3345 —
59 3308 245 3375 sanctorum,
263 3285 479 3379 justorumque
500 3297 626 3378 sanguis
648 3297 687 3359 ad
714 3298 812 3359 Deum
835 3296 968 3359 clamans
996 3297 1027 3358 in
1057 3314 1114 3358 ea-

61 3403 130 3464 dem
153 3418 223 3461 sese
246 3407 337 3476 terra,
360 3398 413 3458 ubi
435 3397 523 3460 fusus
548 3405 605 3474 est,
632 3397 781 3460 vindicari
804 3406 898 3480 rogat.
943 3398 1010 3461 Non
1034 3400 1115 3460 enim
1140 3443 1145 3446 »

62 3503 100 3564 de
115 3502 182 3565 solo
198 3503 398 3563 constitutore
414 3499 568 3580 praecepti
584 3500 669 3579 justo
683 3499 864 3579 supplicium
882 3501 1000 3581 judicio
1023 3500 1115 3579 tlagi-

64 3603 194 3678 tabatur,
217 3601 378 3663 sedetiam
395 3607 604 3677 exsecutores,
627 3600 790 3679 delatores,
813 3609 1016 3675 accusatores,
1040 3615 1115 3676 spe·
1190 3657 1192 3660 .

66 3711 198 3764 ctatores
221 3721 256 3764 ac
278 3701 406 3782 judices,
429 3707 583 3780 postremo
605 3718 722 3779 omnes,
740 3704 793 3782 qui
808 3702 1024 3782 injustissimae
1040 3715 1116 3758 cru-

66 3805 183 3866 delitati
206 3803 256 3864 vel
278 3806 369 3864 tacita
390 3803 547 3864 voluntate
570 3804 824 3877 adsentabantur,
854 3801 925 3878 quia
953 3789 1036 3858 Deus
1061 3814 1117 3858 se-

3 3890 5 3897 *
66 3911 220 3966 creturum
243 3906 383 3984 cognitor
406 3911 462 3980 est,
485 3911 516 3965 et
539 3921 668 3983 quorum
691 3902 821 3962 maxima
844 3917 899 3978 per
921 3915 1027 3959 omnes
1042 3915 1118 3977 pro-

67 4005 184 4068 vincias
219 4021 287 4084 pars
320 4003 476 4064 hominum
509 4003 702 4082 versabatur,
735 3999 841 4064 eadem
876 3999 1000 4062 ultionis
1033 4000 1120 4079 plaga
