2634 4434
535 344 615 416 261‘

468 448 675 458 ο*-

48 579 153 658 quanti
169 577 354 641 Graecorum
376 578 446 640 libri
469 581 667 642 adtestantur.
701 571 770 641 lam
792 580 864 642 hinc
886 588 954 661 post
975 591 1096 665 passio·
1136 623 1138 626 ·

46 697 116 740 nem
132 678 266 756 Domini,
282 697 373 759 quem
389 678 509 756 ludaei,
530 686 678 760 quantum
701 680 732 742 in
755 681 829 760 ipsis
852 679 920 758 suit,
943 692 1097 762 persecuti

45 787 127 856 sunt,
150 780 316 842 continuae
337 777 441 841 clades
461 777 659 857 ludaeorum,
683 780 782 842 donec
803 782 951 844 exinaniti
974 784 1097 864 disper-

44 880 135 958 sique
157 879 310 957 deliciunt,
333 878 558 943 incessabiliter
578 887 728 962 strepunt.
772 867 912 944 Tiberirm
934 884 983 944 si·
1007 883 1098 962 [463]

44 979 169 1056 quidem
187 979 384 1058 juventutem
407 998 512 1042 eorum
537 981 792 1044 intumescentem
813 1001 869 1062 per
888 986 1023 1063 speciem
1042 1003 1098 1048 sa·

44 1080 193 1141 ammenti
225 1081 258 1141 in
284 1079 458 1160 provincias
486 1080 745 1158 graviorisooeli
772 1080 938 1162 relegavit,
960 1086 1098 1167 reliquos

42 1179 147 1256 gentis
173 1179 311 1257 ejusdem
339 1177 391 1239 vel
417 1177 527 1238 similia
555 1185 709 1240 sectantes
744 1179 825 1242 Urbe
853 1182 1008 1245 submovit
1040 1187 1098 1248 sub

43 1294 144 1355 poena
160 1284 327 1359 perpetuae
342 1275 510 1354 servitutis,
526 1277 586 1340 nisi
600 1278 871 1360 obtemperassent.
909 1282 990 1346 Sane
1005 1285 1098 1350 Asiae

43 1377 205 1452 civitates,
232 1376 285 1436 illo
308 1381 492 1439 terraemotu
517 1377 651 1457 dirutas,
675 1381 789 1444 tributo
811 1382 954 1460 dimisse,
977 1389 1098 1466 propria

42 1477 139 1538 etiam
162 1475 304 1540 libertate
326 1476 459 1539 donavit.
504 1477 560 1540 llic
582 1479 733 1561 ambiguis
755 1482 851 1563 signis
874 1486 988 1546 veneni
1011 1485 1096 1549 obiit.

366 1874 370 1877 Ι
432 1730 621 1866 caput
670 1728 714 1838 l.

45 1931 84 2000 Ο.
106 1932 282 2018 041494ιὶ44
303 1932 470 2002 Caesaris
485 1953 623 2120 ptores,
649 1953 709 2001 rea
735 1938 856 2020 gerice
871 1897 919 2002 'cl
947 1943 1100 2010 crudelia

270 2053 272 2055 ’
501 2054 654 2102 nemora.

131 2189 222 2251 Anno
249 2190 286 2252 ab
315 2189 398 2252 Urbe
425 2191 547 2252 condita
575 2190 712 2252 DGGXG.
747 2192 856 2251 tertius
889 2189 926 2250 ab
959 2192 1101 2272 Augusto

46 2289 138 2371 Gajus
160 2290 297 2370 Caligula
319 2291 421 2369 coepit
442 2307 589 2370 regnare,
613 2291 785 2368 mansitque
807 2289 839 2348 in
862 2288 990 2367 imperio
1012 2297 1100 2355 annis

45 2407 108 2451 non
130 2391 230 2471 plenis
253 2397 394 2468 quatuor,
415 2388 506 2450 bomo
529 2391 664 2449 omnium
688 2395 758 2449 ante
781 2405 815 2448 se
835 2388 1099 2471 flagitiosissimus,

46 2498 76 2551 et
110 2491 166 2572 qui
194 2507 269 2550 vere
299 2488 410 2568 dignus
437 2488 581 2548 Romanis
610 2486 890 2565 blasphemantibus
918 2494 949 2547 et
975 2488 1102 2552 ludaeis

45 2587 298 2670 persecutoribus
320 2588 444 2666 punitor
471 2587 624 2648 adhibitus
650 2584 816 2646 videretur.
860 2584 932 2662 llic,
963 2593 996 2648 ut
1024 2587 1100 2652 bre-

45 2691 129 2752 viter
145 2685 385 2768 magnitudinem
403 2685 592 2748 crudelitatis
614 2687 681 2766 ejus
704 2701 889 2764 expromam,
913 2686 1101 2752 exclamasse

47 2788 162 2852 iertur:
204 2784 342 2851 Utinam
371 2786 522 2868 populus
548 2783 729 2850 Romanus
760 2802 866 2849 arnam
899 2803 980 2848 ocr-
1011 2786 1101 2864 [464]

47 2890 154 2955 vicem
186 2886 337 2953 moeret.
391 2889 490 2969 Saepe
523 2890 615 2950 etiam
649 2886 688 2948 de
721 2886 897 2947 conditione
931 2893 1101 2967 temporum
1186 2949 1189 2954 ,

48 3007 174 3051 suorum
196 2996 384 3069 conquestus
406 2996 469 3066 est,
497 2989 580 3068 quod
608 2987 701 3048 nullis
728 2985 949 3048 calamitatibus
971 2989 1101 3066 publicis

49 3090 281 3171 insignirentur.
319 3089 345 3151 0
368 3088 456 3150 beata
478 3088 616 3168 germina
639 3087 785 3164 temporis
801 3085 973 3163 Christiani,
997 3107 1100 3166 quan-

50 3198 114 3251 tum
136 3188 350 3269 praevaluistis
377 3189 409 3250 in
435 3187 529 3249 rebus
557 3185 712 3260 humanis,
746 3191 780 3246 ut
812 3186 904 3245 etiam
937 3186 1102 3249 crudelitas

50 3288 182 3352 hominis
204 3290 300 3370 magis
322 3289 456 3369 potuerit
478 3287 580 3349 clades
606 3286 797 3361 desiderare,
827 3301 917 3364 quam
945 3277 1102 3348 invenire!

51 3388 132 3452 Ecce
154 3391 193 3452 de
215 3389 435 3469 tranquillitate
456 3387 596 3470 generali
621 3385 727 3447 feritas
750 3385 858 3466 jejuna
886 3388 1101 3464 conqueritur:

824 3517 946 3588 Furor
967 3524 1010 3588 c'm
1036 3526 1102 3602 ius,

55 3625 171 3694 Saeuo
191 3631 318 3694 sedena
339 3643 447 3709 super
467 3643 567 3690 ormo
594 3627 630 3688 ct
654 3625 791 3689 centum
816 3624 954 3690 cinctos
982 3545 1105 3690 alferis

58 3725 140 3794 Post
160 3733 293 3813 tergum
314 3728 426 3812 eodm,
445 3721 561 3810 [remit
580 3724 745 3790 horridus
767 3741 827 3788 ore
849 3727 1002 3789 murato.

137 3884 226 3947 Servi
253 3882 387 3946 rebelles
415 3889 446 3942 et
468 3879 591 3959 fugitivi
612 3877 797 3963 gladiatores
819 3881 1014 3954 perterruere
1037 3877 1103 3940 Ro-

55 4001 142 4064 mam,
165 3990 306 4047 evertere
328 3980 456 4055 ltaliam,
480 3977 614 4039 Siciliam
637 3976 794 4049 delevere,
821 3965 884 4052 jam
906 3993 1005 4052 paene
1027 3978 1102 4038 uni-

895 4085 952 4136 rr*
