2634 4434
560 326 634 396 289

490 429 698 438 —ffl

63 552 278 617 Diocletianus
312 557 390 636 apud
423 557 647 638 Nicomediam,
683 560 885 626 Maximianus
917 566 996 644 apud
1033 565 1122 645 [529]

60 651 272 716 Mediolanum
303 664 482 736 potestatem
506 660 629 740 Imperii
650 662 741 724 simul
764 663 942 744 cultumque
965 665 1122 746 deposue-

60 760 149 815 runt.
195 753 334 818 Galerius
367 766 399 820 et
432 759 627 823 Constantius
655 763 803 844 Augusti,
837 765 926 843 primi
955 765 1122 828 Romanum

61 851 230 932 lmperium
254 858 284 917 in
308 859 383 919 duas
405 867 505 938 partes
529 862 826 925 determinaverunt:
859 865 998 927 Galerius
1020 865 1122 927 Maxi-

60 954 187 1027 mianus
209 954 374 1037 Illyricum,
396 959 499 1021 Asiam
523 969 554 1022 et
575 961 749 1023 Orientem:
779 965 973 1026 Constantius
996 965 1123 1042 ltaliam,
1158 1017 1161 1021 .

62 1052 221 1132 Africam,
252 1056 425 1139 Hispaniam
455 1067 487 1120 et
509 1059 621 1122 Gallias
648 1061 790 1124 obtinuit.
835 1064 895 1125 Sed
918 1064 1123 1142 Constantius,

60 1155 117 1215 vir
140 1157 425 1237 tranquillissimuS,
454 1157 550 1219 Gallia
577 1167 693 1221 tantum
716 1162 922 1243 Hispaniaque
949 1171 1122 1242 contentus,

61 1252 191 1316 Galerio
225 1258 356 1317 caeteris
387 1257 523 1337 partibus
556 1262 656 1324 cessit.
702 1261 840 1325 Galerius
871 1265 947 1326 duos
977 1265 1122 1326 Caesares

58 1352 154 1436 legit,
177 1354 385 1434 Maximinum,
408 1374 499 1436 quem
522 1361 554 1421 in
570 1361 697 1424 Oriente
718 1365 891 1441 constituit,
916 1371 946 1425 et
962 1365 1122 1442 Severum,

58 1457 118 1515 cui
143 1455 280 1532 permisit
301 1455 433 1535 ltaliarn,
456 1461 522 1539 ipse
544 1462 575 1521 in
591 1461 713 1543 illyrico
736 1467 928 1526 constitutus.
967 1466 1121 1528 Constan-

58 1556 129 1615 tius
160 1572 234 1615 vero
256 1555 430 1636 Augustus,
463 1577 600 1623 summae
627 1564 869 1625 mansuetudinis
899 1571 930 1626 et
956 1565 1121 1642 civilitatis,

59 1656 95 1714 in
113 1653 270 1716 Britannia
287 1664 413 1719 mortem
430 1658 515 1736 obiit,
539 1662 591 1740 qui
608 1661 837 1723 Constantinum
861 1662 955 1724 tilium
978 1683 1018 1724 ex
1040 1681 1120 1726 con-

62 1753 179 1817 cubina
202 1755 319 1819 Helena
342 1766 478 1821 creatum
500 1759 716 1840 Imperatorem
739 1761 903 1825 Galliarum
925 1765 1058 1846 reliquit.

390 2011 586 2149 capnt
634 1967 803 2124 xxva.
1031 2051 1120 2129 [530]

63 2209 316 2280 Constantinus
348 2215 505 2300 Mopnne
536 2216 733 2299 imperator
765 2217 899 2283 Caesar
931 2218 1122 2301 Anpnetno.

63 2312 210 2380 Interim
236 2315 442 2398 objectiones
468 2319 748 2383 adversariorum
774 2320 817 2383 de
844 2319 1031 2384 novissima
1056 2322 1123 2385 de-

81 2452 85 2460 1
143 2418 344 2501 pennatique
365 2417 547 2483 Ecclesiae
567 2422 761 2484 vastatione
780 2418 922 2500 pulebre
943 2421 1048 2510 diluit.

79 2630 81 2635 .
155 2569 246 2630 Anno
268 2569 305 2630 ab
328 2569 410 2631 Urbe
437 2571 688 2653 condita-MLXI.
734 2573 966 2648 Constantium,
994 2572 1122 2652 trigesi-

64 2676 267 2748 musquartus
289 2668 327 2728 ab
349 2669 507 2750 Augusto,
533 2671 743 2751 gubernacula
765 2673 884 2751 imperii
907 2690 923 2732 a
947 2671 1122 2732 Constantio

65 2776 156 2850 patre
178 2767 324 2847 suscepit,
348 2787 427 2848 quae
450 2788 512 2831 uuo
535 2779 566 2832 et
581 2773 705 2852 triginta
721 2773 808 2834 annis
824 2771 1000 2832 felicissime
1017 2771 1122 2832 tenuit.

68 2870 251 2931 Occurritur
277 2869 350 2930 mibi
376 2870 494 2949 subito,
522 2880 554 2935 et
580 2873 720 2953 tripudiis
742 2871 922 2952 quibusdam
945 2871 1121 2932 insultatur:

67 2968 136 3045 Eia,
159 2970 313 3055 inquiunt,
335 2970 456 3031 tandem
480 2973 511 3033 in
533 2972 641 3033 loreas
663 2981 782 3034 nostras
805 2973 856 3033 diu
880 2977 1038 3050 expectate
1063 2955 1123 3032 ve-

68 3069 154 3145 nisti,
176 3068 226 3129 hic
248 3077 279 3130 te
301 3071 501 3132 decursurum
525 3073 749 3150 operiebamur,
772 3071 822 3132 hic
844 3072 999 3151 delapsum
1016 3073 1123 3150 oppri-

70 3171 198 3246 mimus,
226 3169 277 3230 bio
306 3169 466 3232 confusum
491 3179 639 3232 tenemus.
686 3172 891 3233 Sustinuimus
914 3178 944 3231 te
966 3170 1124 3247 hactenus,
1204 3187 1206 3190 ·

58 3269 234 3344 ,artiliciose
258 3270 480 3349 quodammodo
503 3277 534 3330 et
556 3270 665 3332 callide
681 3270 820 3332 fortuitas
835 3278 1004 3350 temporum
1021 3277 1124 3330 mutu·
1191 3339 1197 3346 ‚

70 3371 173 3431 tiones
184 3370 440 3436 ,Christianorum
468 3357 637 3432 ultionibus
665 3379 863 3450 coaptantem.
908 3370 946 3431 Et
973 3369 1125 3431 interdum

73 3469 197 3550 quidem
219 3471 429 3531 verisimilium
452 3472 556 3549 speeie
579 3473 718 3550 permoti,
741 3478 846 3550 utpote
869 3471 1007 3532 homines
1028 3471 1126 3552 ignari

73 3571 245 3633 divinorum
261 3576 461 3646 secretorum,
483 3571 591 3632 timore
606 3569 783 3649 palluimus;
807 3571 862 3632 sed
884 3590 967 3633 nunc
989 3587 1126 3631 evacua-

73 3671 120 3732 vit
139 3669 342 3746 Maximianus
365 3677 469 3731 noster
497 3689 618 3732 omnem
646 3687 769 3732 scenam
798 3669 920 3732 fabulae
949 3677 1036 3743 tuae,
1065 3683 1126 3728 no-

75 3777 218 3848 straeque
258 3770 418 3851 religionis
455 3772 667 3852 antiquitatem
707 3755 848 3832 columna
881 3765 1146 3846 inexpugnabilis*

76 3869 170 3931 fulsit.
214 3869 272 3930 Per
299 3887 396 3932 annos
426 3871 532 3933 decem
560 3887 688 3933 eversae
717 3875 789 3954 sunt
818 3867 967 3930 eeclesiae
989 3871 1128 3941 uestrae,

77 3977 111 4033 ut
134 3971 225 4032 etiam
248 3975 282 4031 tu
304 3969 427 4048 tatoris,
448 3971 606 4033 dilacerati
634 3968 836 4045 cruciatibus,
866 3967 1013 4029 exinaniti
1043 3981 1128 4028 mor-
