2634 4434
721 335 768 402 18

217 569 284 632 Non
307 575 449 632 contenta
472 567 610 630 terminis
631 567 760 644 mulier,
788 582 867 646 quos
893 584 912 628 a
939 565 1008 628 viro
1029 582 1087 627 suo
1109 573 1183 629 tunc
1207 570 1273 630 solo

216 668 365 732 bellatore
381 669 602 751 quinquaginta
625 668 714 730 annis
735 667 903 746 acquisitos
924 673 1112 745 susceperat,
1135 666 1270 730 Aethio·

215 771 295 849 piarn
319 769 400 830 bello
423 785 608 849 oppressam,
631 768 783 850 sanguine
805 767 982 843 interlitam,
1005 767 1135 846 imperio
1149 768 1270 850 adjecit.

215 869 298 934 Indis
321 886 446 948 quoque
469 867 582 930 bellum
606 869 723 930 intulit:
748 884 810 947 qao
832 874 954 946 praeter
976 866 1058 928 illam
1081 873 1114 928 et
1127 868 1270 930 Alexan-

215 969 303 1031 drum
337 967 479 1049 Magnum
513 968 617 1032 nullus
649 969 782 1030 intrarit.
833 967 923 1041 Quod
955 984 994 1029 eo
1027 973 1166 1046 ternpore
1200 969 1269 1031 ideo

215 1069 372 1132 crudelius
403 1069 592 1150 graviusque
624 1074 691 1130 erat
723 1085 815 1148 quam
847 1084 930 1128 nunc
963 1073 1026 1143 est,
1059 1069 1209 1148 persequi
1241 1076 1271 1130 et

216 1169 369 1232 trucidare
391 1169 519 1250 populos
541 1171 573 1232 in
600 1187 676 1250 pace
703 1169 860 1231 viventes:
890 1172 963 1248 quia
989 1173 1065 1228 tune
1091 1169 1174 1245 apud
1202 1169 1269 1232 illos

215 1287 273 1332 neo
301 1269 375 1331 ioris
404 1277 491 1331 erant
517 1269 579 1331 ulla
608 1269 751 1332 incendia
777 1269 946 1344 bellorum,
980 1285 1039 1328 neo
1071 1267 1154 1329 domi
1187 1276 1269 1332 tanta

214 1370 363 1431 exercitia
395 1369 603 1447 cupiditatum.
647 1368 746 1446 llaec,
773 1367 902 1430 libidine
930 1369 1058 1444 ardens,
1085 1371 1267 1450 sanguinem

214 1470 333 1546 sitiens,
356 1470 436 1531 inter
458 1469 652 1532 incessabilia
675 1475 707 1530 et
727 1476 832 1546 stupra
854 1476 887 1531 et
907 1467 1083 1543 homicidia,
1104 1487 1174 1530 cnm
1195 1488 1267 1532 om-

216 1566 281 1651 139]
311 1586 382 1647 nes,
411 1587 489 1650 quos
516 1571 603 1652 regie
629 1571 808 1645 arcessitos,
831 1570 1006 1633 meretricie
1026 1567 1163 1646 habitos,
1186 1588 1267 1631 con-

214 1669 318 1732 cubito
340 1670 540 1750 oblectasset,
567 1671 739 1749 occideret,
767 1670 888 1732 modern
916 1669 980 1732 tilio
1007 1671 1159 1755 flagitiose
1186 1688 1265 1732 eon-

204 1763 318 1848 ¹capt03
342 1771 435 1848 impie
457 1773 614 1849 exposito,
637 1771 757 1833 inceste
784 1771 926 1850 cognito,
953 1773 1100 1848 privatam
1128 1774 1264 1853 ignomi-

212 1870 293 1930 niam
322 1870 447 1946 publico
473 1870 593 1932 scelere
625 1867 751 1932 obtexit
795 1869 954 1949 Praecepit
986 1875 1084 1950 enim,
1118 1880 1154 1933 ut
1187 1873 1267 1934 inter

212 1975 355 2046 parentes
377 1987 414 2031 ac
434 1967 514 2032 filios
536 1965 620 2031 nulla
642 1969 742 2032 delata
763 1973 939 2033 reverentia
962 1980 1100 2053 naturae,
1122 1973 1162 2035 de
1184 1990 1264 2034 con·

207 2069 305 2151 J'ugiis
326 2069 506 2148 adpetendis
527 2078 562 2133 ut
588 2071 703 2151 cuique
732 2069 853 2132 libitum
881 2079 979 2151 esset,
1007 2073 1139 2136 liberum
1166 2072 1263 2135 beret.

212 2351 278 2439 [⁴01
510 2466 514 2472 θ
589 2322 789 2462 laput
844 2324 889 2433 l.

251 2521 465 2608 Pentapolim
486 2527 658 2612 cepionem
680 2532 722 2597 od
743 2529 893 2617 nefando
915 2527 1065 2596 libidinis
1086 2533 1220 2598 scelera
1305 2504 1306 2517 ¹

417 2629 510 2692 coelo
537 2632 663 2696 tactem
690 2636 727 2696 et
751 2638 913 2698 exustum
930 2630 1054 2716 fnisse.
1304 2650 1305 2703 l

293 2780 375 2842 Ante
407 2797 504 2842 annos
533 2780 621 2845 Urbis
654 2784 796 2847 conditae
829 2785 913 2848 mille
945 2792 1069 2847 centum
1101 2789 1261 2869 sexaginta
1303 2776 1304 2869 1

209 2879 359 2941 coniinem
383 2881 515 2944 Arabiae
536 2885 708 2965 regionem,
731 2904 811 2967 quae
834 2893 908 2948 tunc
929 2886 1101 2965 Pentapolis
1123 2889 1261 2950 vocaba-

210 2988 276 3054 tur,
305 2981 418 3042 arsisse
444 2984 567 3061 penitus
595 2985 668 3067 igne
695 2986 840 3064 caelesti,
863 2989 944 3048 inter
965 2987 1042 3048 alios
1064 2988 1156 3047 etiam
1180 2989 1260 3049 Cor·

210 3079 310 3140 nelias
337 3080 458 3142 Tacitus
490 3081 601 3161 refert,
635 3088 689 3166 qui
722 3087 767 3148 sio
799 3089 855 3149 ait:
900 3084 1008 3151 flaua
1032 3088 1158 3169 procul
1181 3089 1262 3152 inde

209 3179 331 3263 canrpi
353 3197 440 3262 quos
467 3179 587 3266 parum
613 3186 692 3249 otim
717 3185 859 3270 rideres,
891 3188 1092 3271 mopmspne
1117 3187 1262 3258 nantem
1300 3234 1301 3239 κ

207 3280 394 3362 lrnbttotos,
418 3276 598 3365 111111ιὲ11111
611 3286 712 3366 jactu
734 3290 885 3353 arsisse:
907 3289 971 3351 sed
992 3306 1134 3352 monere
1154 3292 1261 3353 oesti-
1300 3246 1302 3369 1

205 3382 274 3465 pia,
301 3383 496 3466 terramque
517 3385 639 3471 ipsam,
660 3390 775 3471 speeie
796 3389 951 3470 solidam,
972 3389 1040 3452 eim
1057 3385 1262 3474 frupiferom
1299 3380 1300 3385 ’

206 3481 410 3566 perdidisse.
453 3484 491 3546 Et
523 3505 592 3549 oum
621 3489 679 3550 boo
708 3491 776 3552 ioco
804 3491 880 3553 nibil
908 3490 947 3552 de
976 3492 1111 3552 incensis
1138 3499 1262 3571 propter

209 3579 274 3664 141]
299 3589 423 3662 peccata
445 3582 600 3649 hominum
625 3590 800 3652 civitatibus
828 3594 916 3671 quasi
945 3594 1072 3671 ignarus
1099 3594 1261 3671 expressit,

208 3683 299 3764 paulo
329 3691 410 3762 post,
439 3685 525 3749 velut
547 3690 661 3752 oblitus
683 3690 815 3767 consilii,
837 3691 962 3772 subjicit
983 3699 1015 3752 et
1038 3691 1126 3752 dicit:
1172 3690 1261 3774 Epo,

208 3783 300 3847 simil
319 3783 464 3868 inclytos
490 3789 663 3870 quondam
688 3788 795 3853 nrbes
820 3791 899 3874 ipnc
925 3791 1066 3857 coelesti
1087 3788 1262 3875 stuprasse
1296 3718 1299 3870 1

208 3885 454 3950 concesserim:
486 3888 537 3952 ito
563 3887 673 3953 halitu
699 3889 798 3955 lacus
824 3889 919 3972 brfici
950 3895 1081 3956 terram
1115 3895 1150 3956 at
1182 3911 1262 3958 cor-

208 3984 322 4066 rumpi
341 4003 433 4051 reor.
469 3988 537 4061 Quo
560 3979 652 4067 dioto,
676 3989 790 4055 inritus
811 3993 895 4074 lieet,
917 3993 956 4056 de
979 3995 1097 4056 exustis
1120 3993 1260 4070 urbibus,
