2634 4434
714 349 762 420 26

633 450 842 461 .-...---.-

212 585 390 651 multitudo:
435 593 561 666 totaque
593 584 752 665 pmvincia
785 583 883 665 plagis
916 590 988 646 ante
1020 589 1172 665 cruciata,
1209 587 1269 651 hac

212 696 365 767 postremo
393 685 610 749 interfectione
636 690 766 746 vacuata
795 690 851 746 est.
895 683 1025 747 Exstant
1057 688 1149 749 etiam
1183 705 1268 750 nunc

212 789 381 850 certissima
402 787 511 850 horum
534 790 731 846 monumenta
752 790 919 866 gestorum.
953 785 1028 847 Nam
1049 794 1166 849 tractus
1188 806 1266 850 cur-

210 905 301 949 ruum
322 895 520 966 rotarumque
543 885 661 947 orbitae
683 902 745 946 non
770 884 869 972 solnm
896 886 929 946 in
958 886 1063 965 litore,
1089 888 1145 949 sed
1174 889 1267 950 etiam

211 983 276 1069 [57]
300 988 332 1050 in
354 985 520 1066 profundo,
543 1003 707 1067 quousque
732 985 818 1047 visus
843 985 1028 1064 admittitur,
1056 987 1267 1067 pervidentur.

210 1085 260 1164 Et,
282 1087 309 1150 si
331 1087 411 1150 forte
432 1087 469 1150 ad
491 1094 611 1168 tempus
633 1086 685 1148 vel
706 1103 791 1163 casu,
819 1084 869 1148 vel
891 1087 1070 1149 curiositate
1092 1087 1266 1164 turbantur,

211 1188 359 1250 continuo
386 1186 533 1250 divinitus
561 1189 592 1249 in
620 1187 779 1268 pristinam
802 1185 912 1249 faciem
934 1187 1036 1249 ventis
1057 1187 1265 1268 fluctibusque

209 1295 407 1368 reparantur,
436 1294 471 1350 ut
498 1288 638 1367 quisquis
668 1304 730 1349 non
751 1287 882 1348 docetur
903 1287 1042 1349 timorem
1066 1288 1125 1351 Dei
1147 1305 1264 1368 propa·

210 1387 290 1450 latae
317 1387 478 1470 religionis
506 1386 625 1464 studio,
655 1388 720 1450 irae
747 1389 816 1468 ejus
844 1393 1014 1451 transactae
1040 1388 1168 1450 ultionis
1195 1395 1264 1450 ter·

209 1495 314 1561 rentur
334 1486 483 1567 exemplo.
519 1486 574 1548 llis
596 1487 687 1548 etiam
709 1485 898 1567 temporibus
919 1488 999 1549 adeo
1014 1489 1099 1568 jugis
1113 1494 1147 1550 et
1160 1490 1265 1569 gravis

171 1585 179 1602 ‘
209 1594 313 1651 aestus
334 1589 507 1666 incanduit,
536 1594 570 1648 ut
596 1587 642 1650 sol
664 1605 721 1667 per
741 1586 832 1650 devia
854 1593 1060 1666 transvectus,
1083 1589 1265 1650 universum

209 1688 316 1751 orbem
342 1705 404 1751 non
432 1689 534 1752 calore
561 1687 719 1766 affecisse,
751 1686 807 1750 sed
840 1689 914 1769 igne
946 1689 1094 1752 torruisse
1126 1689 1262 1752 dicatur:

208 1789 444 1870 impressumque
472 1790 625 1852 servorem
655 1794 687 1849 et
707 1785 856 1868 Aethiops
884 1788 953 1868 plus
980 1788 1119 1868 solitum,
1145 1796 1182 1862 et
1209 1790 1263 1851 in-

208 1889 331 1951 solitum
362 1889 474 1971 Scytha
502 1906 564 1950 non
592 1886 712 1949 tulerit:
747 1905 788 1948 ex
815 1905 876 1966 quo
904 1889 995 1952 etiam
1024 1891 1162 1970 quidam,
1189 1891 1263 1952 dum

207 2005 271 2051 noo
303 1990 478 2053 concedunt
509 1990 577 2051 Deo
609 1985 796 2050 ineffabilem
829 1991 1011 2067 potentiam,
1049 2009 1122 2054 suas
1153 1992 1263 2054 inanes

186 2091 395 2154 'ratiunculas
437 2089 673 2169 conquirentes,
715 2088 875 2152 ridiculam
905 2082 1086 2154 Phaetontis
1126 2091 1262 2156 fabulam
1311 2120 1312 2133 ι

207 2197 381 2254 texuerunt.

1310 2294 1311 2357 l

207 2471 272 2560 [⁵8]
569 2443 767 2584 bapot
817 2443 891 2552 lll.

206 2643 263 2708 De
292 2646 482 2729 parricidio
509 2644 729 2735 Daraaidam,
762 2653 806 2715 de
838 2648 1015 2715 Busiridis
1047 2654 1263 2738 crudelitate,

249 2747 293 2812 de
310 2745 434 2832 Tereo,
456 2746 603 2838 Proprie,
626 2757 661 2818 et
674 2750 872 2832 Philomela,
894 2754 929 2815 et
946 2748 1075 2833 Perseo
1098 2752 1219 2820 Asiam

633 2854 830 2938 populante.

291 3003 366 3066 llam
402 3023 484 3068 anno
519 3013 591 3069 ante
624 3003 735 3068 Urbem
770 3004 922 3066 conditam
955 3005 1145 3070 DCCLXXV.
1179 3010 1264 3074 inter
1305 3080 1306 3083 Ἴ

206 3104 303 3167 Danai
330 3113 423 3186 atque
445 3106 579 3188 Aegypti
602 3103 728 3167 fratrum
751 3104 830 3166 lilios
853 3106 1075 3188 qiunquaginta
1097 3110 1262 3186 parricidia
1305 3094 1306 3121 l

206 3223 267 3268 una
290 3214 381 3270 noete
403 3208 564 3269 commissa
586 3212 664 3265 sunt.
705 3203 773 3283 lpse
795 3205 909 3266 deinde
931 3212 1083 3267 tantorum
1105 3207 1261 3274 scelerum
1304 3226 1305 3273 1

206 3305 371 3372 fabricator
402 3307 540 3380 Danaus,
573 3321 687 3384 regno,
722 3305 803 3384 quod
837 3312 882 3366 tot
908 3305 1032 3388 flagitiis
1059 3307 1260 3389 adquisierat,
1303 3350 1304 3353 =

206 3408 322 3487 pulsus,
344 3407 444 3487 Argos
466 3404 627 3466 concessit.
664 3403 773 3485 ibique
795 3407 922 3488 indigne
944 3409 1099 3487 persuasis
1121 3410 1152 3470 in
1175 3409 1259 3474 faci-

207 3525 265 3570 nus
287 3505 426 3586 Argivis,
456 3501 651 3584 Sthenelum,
680 3509 734 3585 qui
762 3524 832 3568 eum
860 3506 1024 3590 prologum
1051 3515 1259 3590 egentemque
1302 3506 1303 3579 l

207 3594 271 3688 [59]
295 3609 469 3682 exceperat,
491 3621 589 3687 regno
612 3604 740 3686 expulit,
765 3613 859 3686 atque
880 3609 947 3687 ipse
969 3611 1118 3689 regnavit.
1162 3609 1257 3673 Busi-

205 3707 280 3768 ridis
308 3704 339 3766 in
367 3703 508 3787 Aegypto
530 3705 737 3769 cruentissimi
760 3708 881 3787 tyranni
903 3709 1038 3771 crudelis
1059 3708 1257 3790 hospitalitas,

206 3813 237 3866 et
265 3804 419 3868 crudelior
444 3804 554 3888 religio
583 3814 657 3869 tunc
683 3804 757 3867 fuit:
793 3808 846 3886 qui
875 3808 1072 3870 innocentem
1105 3809 1257 3891 hospitum

205 3907 387 3986 sanguinem
410 3907 479 3988 diis,
501 3909 653 3972 scelerum
675 3923 800 3971 suorum
826 3908 1035 3990 participibus,
1061 3912 1256 3990 propinabat;

206 4005 289 4085 quod
311 4009 503 4074 exsecrabile
524 4010 593 4076 sine
614 4009 709 4074 dubio
730 4008 921 4088 hominibus,
948 4011 1100 4090 viderint,
1122 4030 1162 4076 an
1184 4014 1257 4093 ipsis
