2634 4434
566 329 639 398 273

448 488 641 719 tepet
679 551 765 686 lll.

255 800 378 869 Coccei
398 797 539 868 iliacae
563 800 730 869 Caesaris
755 797 955 882 Imperium.

162 973 253 1036 Anno
275 975 313 1036 ab
328 974 409 1036 Urbe
427 975 554 1036 condita
575 973 790 1051 Dcccxtvl,
814 972 952 1052 quemvis
968 970 1132 1050 Eutropius

73 1075 367 1155 quinquagesimum
396 1074 478 1134 hunc
506 1066 575 1136 esse
603 1092 717 1137 anuum
747 1075 917 1153 scripserit,
945 1072 1044 1135 Nerva
1072 1073 1131 1134 ed-

73 1176 201 1239 modum
224 1193 323 1237 senex
344 1192 362 1234 a
383 1174 537 1249 Petronio,
560 1172 717 1252 praelecto
740 1175 902 1252 praetorio,
926 1180 957 1234 et
971 1172 1132 1234 Parthenio

69 1276 230 1355 spadone,
253 1271 453 1334 interfectore
467 1272 649 1352 Domitiani,
673 1273 840 1354 Imperator
856 1273 992 1335 decimus
1007 1273 1044 1334 ab
1060 1274 1131 1333 Au-

68 1383 170 1457 gusto
193 1379 331 1449 oreatus,
357 1372 517 1452 Traianum
544 1375 577 1435 in
604 1393 734 1456 regnum
761 1375 931 1457 adoptavit,
958 1393 1014 1455 per
1040 1391 1132 1454 quem

67 1491 193 1537 revera
211 1473 349 1535 addictae
371 1472 569 1554 Reipublicae
597 1476 699 1537 divina
729 1477 905 1556 provisione
929 1492 1013 1537 con·
1043 1469 1131 1558 [485]

69 1575 181 1638 suluit.
227 1572 283 1635 llic
312 1574 408 1652 primo
435 1574 537 1636 edicto
565 1591 622 1637 suo
650 1584 777 1637 cunctos
807 1577 930 1638 exsules
959 1577 1131 1638 revocavit:

71 1675 162 1737 unde
185 1682 216 1736 et
236 1673 372 1736 loannes
394 1673 560 1753 Apostolus
581 1675 639 1736 hac
664 1675 804 1757 generali
830 1677 1020 1758 indulgentia
1047 1676 1131 1738 lihe-

72 1782 163 1836 ratus
189 1773 343 1854 Ephesum
369 1773 477 1836 rediit:
509 1793 699 1858 emensoque
721 1793 800 1838 anno
821 1775 943 1858 lmperii
964 1777 1013 1841 sui
1033 1775 1132 1840 Nerva

79 1874 241 1939 confectus
264 1876 371 1938 morbo
400 1877 481 1941 diem
504 1878 587 1941 obiit.

407 2132 625 2267 'debut
679 2084 786 2282 llll.
819 2201 854 2292 Ν-
1046 2075 1161 2250 [rect

126 2333 215 2418 Ulpii
239 2331 387 2416 TroJ'om'
409 2331 574 2400 Caesaris
595 2332 746 2417 Arrpurti
767 2325 946 2416 imperium
974 2339 1009 2401 et
1031 2354 1093 2401 res

540 2437 670 2517 pentae.

166 2586 257 2647 Anno
279 2586 317 2646 ab
340 2585 422 2646 Urbe
445 2586 566 2648 condita
588 2585 803 2650 DCCCXthl.
832 2588 992 2668 trajanus,
1018 2605 1135 2669 genere

78 2688 251 2766 Hispanus,
274 2686 455 2773 undecimus
477 2686 514 2747 ab
537 2688 694 2768 Augusto,
719 2688 906 2767 reipublicae
928 2687 1136 2770 gubernacula

79 2787 184 2849 Nerva
213 2786 352 2848 tredente
380 2788 529 2866 suscepit,
563 2806 599 2849 ac
624 2805 681 2865 per
707 2805 802 2850 annos
833 2788 938 2850 decem
968 2796 998 2850 et
1026 2807 1135 2851 novem

80 2888 191 2950 tenuit.
235 2886 326 2966 Apud
347 2886 561 2969 Agrippinam,
592 2886 707 2949 Galliae
730 2887 852 2967 urbem,
877 2890 1007 2970 insignia
1030 2892 1138 2952 sumsit

68 2987 204 3067 'imperii
211 3005 219 3061 3
244 3005 315 3048 mox
330 2987 521 3049 Germaniam
537 2996 620 3050 trans
635 2989 773 3051 Rhenum
790 2990 821 3050 in
844 2991 1004 3071 pristinum
1026 2998 1137 3053 statum

82 3086 222 3163 reduxit3
247 3094 329 3149 trans
351 3088 525 3150 Danubium
547 3088 657 3172 multas
679 3096 789 3168 gentes
811 3078 941 3172 subegit.
984 3093 1138 3173 Regiones

84 3194 187 3250 autem
215 3194 298 3249 trans
326 3186 509 3267 Euphratem
538 3194 569 3248 et
597 3187 712 3268 Tigrim
744 3189 817 3250 sitas
849 3192 1022 3269 provincias
1054 3191 1137 3253 lecit.

87 3287 257 3352 Seleuciam
292 3295 323 3348 et
352 3287 578 3366 Ctesiphontem
612 3296 644 3351 et
671 3287 859 3368 Babylonem
893 3291 1060 3370 occupavit.
1105 3291 1138 3353 ln

85 3388 308 3468 persequendis
336 3405 410 3449 sane
439 3387 618 3450 Christianis
647 3405 752 3450 errore
786 3389 947 3470 deceptus,
982 3393 1139 3466 tertiusa

85 3487 225 3565 Nerone,
248 3506 317 3548 cum
340 3488 450 3566 passim
472 3496 611 3567 repertos
634 3489 704 3570 cogi
726 3489 763 3552 ad
786 3491 1015 3555 sacrificandum
1039 3494 1140 3570 idolis,

87 3607 124 3651 ac
157 3587 363 3650 detrectantes
399 3570 531 3649 interfici
567 3592 789 3669 praecepisset,
827 3591 1012 3672 plurimique
1050 3591 1138 3668 [487]

87 3687 354 3764 interficerentur,
382 3688 471 3751 Plinii
499 3687 649 3768 Secundi,
683 3693 736 3772 qui
765 3693 846 3754 inter
877 3700 996 3753 ceteros
1019 3692 1140 3772 judices

88 3797 269 3870 persecutor
296 3789 383 3851 datus
409 3787 526 3866 fuerat,
559 3790 657 3852 relatu
691 3793 882 3866 admonitus,
916 3807 969 3852 eos
1002 3791 1141 3853 homines

89 3898 212 3970 praeter
234 3889 470 3952 confessionem·
483 3889 594 3953 Christi
616 3891 807 3970 honestaque
830 3890 1044 3952 conventicula
1066 3889 1142 3952 nihil

90 3991 275 4054 contrarium
295 3988 439 4053 Romanis
459 3987 582 4070 legibus
604 3989 718 4066 facere,
742 3989 852 4052 fiducia
873 4005 948 4052 sanc
971 3991 1142 4054 innocenti¹
1234 3973 1241 3988 '
