2634 4434
607 327 814 436 Q

187 574 241 630 est.
284 564 354 626 buit
375 563 469 626 Roma
492 563 638 626 caedibus
666 563 836 644 principum
866 561 1069 642 excitatisque
1096 559 1247 624 civilibus

186 666 280 728 bellis
315 671 459 728 recentes
491 663 680 726 Christianae
713 663 873 745 religionis
911 663 1053 742 injurias:
1088 669 1121 724 et
1153 665 1245 744 signu

185 766 342 846 legionum
369 766 437 847 illa,
463 782 543 844 quae
571 765 628 826 sub
650 765 786 827 adventu
808 765 840 826 in
863 763 974 824 Urbem
996 763 1077 824 Petri
1100 764 1246 842 Apostoli

186 865 332 928 divinitus
347 867 480 927 coercita
496 849 628 926 convelli
651 865 737 927 nullo
760 863 907 926 modoad
932 862 1123 925 excitandam
1146 863 1246 924 civile

186 965 300 1027 bellum
323 965 493 1041 valuerant,
517 965 599 1045 quod
621 983 677 1045 per
699 963 932 1028 Scribonianum
955 963 1126 1044 parabatur,
1150 963 1246 1024 Petro

186 1066 218 1128 iu
241 1065 322 1126 Urbe
345 1064 519 1144 interiecto,
542 1073 574 1127 et
596 1065 775 1128 Christianis
797 1082 964 1144 poenarum
988 1064 1167 1126 diversitate
1189 1063 1244 1124 la—

186 1167 288 1245 niatis,
310 1173 376 1228 toto
397 1184 431 1229 se
454 1167 529 1230 orbe
551 1166 720 1229 solverunt.
754 1166 800 1227 De
823 1164 965 1244 Hispania
987 1165 1139 1244 siquidem
1156 1163 1244 1225 illico

188 1262 281 1328 Galba
304 1275 494 1329 surrexerat:
519 1285 580 1347 quo
597 1283 668 1328 mox
682 1282 838 1346 oppresso,
860 1263 939 1326 Otho
957 1263 1081 1341 Romae,
1096 1263 1245 1325 Vitellius

186 1367 218 1426 in
254 1365 430 1444 Germania,
464 1367 668 1445 Vespasianus
701 1367 732 1428 in
761 1365 847 1446 Syria
875 1364 1001 1444 imperia
1029 1364 1243 1444 simulatque

186 1485 268 1527 arma
289 1473 466 1545 rapuerunt.
502 1467 635 1528 Probent
655 1483 730 1528 sane
753 1467 843 1527 etiam
863 1465 951 1527 inviti
967 1466 1132 1543 potentiam
1146 1463 1244 1526 simul

187 1573 219 1628 et
240 1566 432 1629 clementiam
451 1567 520 1644 Dei,
543 1569 597 1648 qui
619 1566 797 1629 Christianis
820 1564 1008 1645 temporibus
1030 1564 1242 1642 offenduntur,

175 1674 299 1747 -quanta
312 1666 469 1730 celeritate
482 1674 635 1730 tantorum
646 1667 788 1733 incendia
806 1666 956 1728 bellorum
974 1672 1005 1727 et
1022 1665 1151 1727 excitata
1167 1672 1244 1726 sunt

187 1774 219 1829 et
229 1785 379 1847 repressa,
391 1787 460 1830 oum
473 1776 505 1830 et
515 1775 604 1830 antea
617 1768 749 1830 minimis
765 1767 865 1830 causis
881 1783 1009 1848 magnae
1024 1785 1060 1828 ae
1075 1765 1243 1827 diuturnae

187 1868 289 1930 clades
301 1869 500 1949 agitarentur,
513 1879 545 1930 et
557 1886 638 1931 nunc
650 1869 773 1930 maximi
785 1867 923 1948 undique
935 1873 1155 1946 concrepantes
1169 1884 1242 1926 ma-

186 1986 315 2048 gnorum
333 1968 478 2030 malorum
500 1968 638 2049 fragores
662 1969 785 2030 minimo
808 1968 933 2049 negotio
955 1968 1135 2047 sopirentur.
1172 1965 1242 2027 lam

175 2069 270 2129 'enim
292 2076 358 2130 erat
379 2067 508 2145 Romae,
537 2070 677 2149 quumvis
704 2070 919 2146 persecutione
941 2074 1068 2143 vexata,
1096 2066 1244 2147 ecelesia,

187 2187 267 2250 quae
285 2169 383 2248 judici
406 2169 541 2230 omnium
565 2167 685 2229 Gbristo
708 2168 797 2230 etiam
826 2185 880 2248 pro
908 2167 1040 2230 inimicis
1067 2173 1099 2228 et
1125 2183 1243 2246 perse—

187 2266 273 2352 [475]
308 2270 465 2331 cutoribus
498 2269 692 2350 supplicaret.
737 2267 834 2349 lgitur
860 2267 939 2330 Otho
972 2285 1058 2344 cum,
1086 2266 1181 2328 Galba
1211 2275 1245 2328 et

186 2370 296 2431 Pisone
328 2369 442 2430 Romae
474 2367 662 2447 interfectis,
696 2369 776 2430 inter
808 2369 955 2431 tumultus
982 2368 1155 2447 caedesque
1185 2369 1242 2428 in-

186 2471 316 2531 uasisset
337 2470 515 2550 imperium,
541 2489 577 2547 ao
599 2489 670 2531 mox
693 2461 828 2531 creatum
851 2470 1064 2549 imperatorem
1087 2469 1118 2529 in
1142 2465 1245 2529 Gallia

187 2589 243 2651 per
257 2569 452 2632 Germanicas
468 2571 608 2652 legiones
622 2570 777 2632 Vitellium
794 2571 1002 2650 comperisset,
1018 2569 1132 2630 bellum
1149 2569 1245 2630 civile

188 2670 321 2747 molitus,
343 2670 441 2731 tribus
463 2671 591 2751 primum
615 2671 736 2732 levibus
758 2670 891 2750 praeliis,
915 2670 973 2732 hoc
996 2676 1057 2732 est:
1081 2687 1145 2731 uno
1161 2669 1244 2749 apud

187 2770 292 2852 Alpes,
315 2769 376 2832 alio
398 2773 479 2833 circa
498 2772 693 2848 Placentiam,
715 2772 806 2834 tertio
829 2771 910 2832 circa
932 2771 1044 2847 locum,
1067 2789 1159 2851 quem
1177 2769 1243 2831 Ca-

188 2872 278 2934 storis
305 2879 430 2948 vocant,
464 2878 569 2932 contra
598 2871 779 2934 Vitellianos
807 2872 901 2933 duces
929 2888 1114 2954 congressus
1143 2871 1244 2932 victor

189 2973 375 3047 exstitisset,
404 2979 512 3051 quarto
540 2972 619 3049 apud
646 2970 827 3032 bebriacum
845 2972 971 3051 ‚praelio
999 2991 1068 3034 curn
1096 2971 1242 3034 animad-

141 3133 145 3138 .
187 3072 331 3133 vertisset
352 3087 425 3145 suos
447 3071 541 3149 vinci,
564 3088 671 3134 mense
694 3071 795 3149 tertio,
809 3059 902 3152 quam
919 3074 1068 3153 imperare
1085 3079 1242 3153 coeperat,

188 3189 257 3235 sese
287 3169 450 3234 interiecit.
494 3170 636 3234 Vitellius
666 3173 765 3234 victor
791 3171 915 3234 Romam
948 3175 1048 3236 venit:
1083 3171 1138 3234 ubi
1171 3191 1243 3232 eum

188 3275 282 3336 multa
305 3271 472 3334 crudeliter
493 3289 530 3332 ac
553 3273 697 3351 nequiter
718 3279 840 3354 ageret,
869 3273 1042 3335 incredibili
1065 3272 1156 3333 etiam
1178 3290 1241 3333 vo·

187 3375 322 3435 recitatis
338 3373 474 3451 adpetitu
495 3371 655 3433 humanam
679 3373 770 3434 vitam
793 3371 913 3452 probris
935 3374 1126 3455 adgravaret,
1151 3379 1240 3452 post-

189 3469 399 3554 [tanlquam
433 3472 472 3533 de
505 3471 692 3551 Vespasiano
725 3475 887 3554 comperit,
921 3475 1052 3553 primum
1084 3473 1242 3552 deponere

165 3651 169 3658 Ι
189 3575 311 3636 molitus
335 3578 382 3633 est
403 3572 578 3652 imperium:
602 3580 707 3653 postea
729 3593 746 3636 a
770 3574 951 3654 quibusdam
973 3575 1124 3636 animatus
1140 3571 1238 3638 Sabi-

188 3694 277 3752 num,
314 3673 494 3752 Vespasiani
530 3672 670 3750 fratrem,
708 3673 784 3734 nihil
821 3682 883 3736 tum
918 3675 989 3737 mali
1021 3663 1241 3754 suspicantem,

188 3794 256 3837 oum
280 3774 410 3836 caeteris
432 3773 582 3836 Flavianis
610 3773 642 3833 in
666 3773 846 3852 Capitolium
875 3775 1035 3856 compulit:
1065 3789 1240 3836 succenso-

188 3892 250 3953 que
277 3873 389 3953 templo
420 3881 455 3934 ‘et
482 3875 574 3934 mixta
602 3871 693 3932 simul
721 3871 838 3936 flamma
871 3877 1039 3955 ruinaque,
1073 3889 1181 3935 ornnes
1210 3873 1242 3933 iu

188 3973 419 4060 unumnpariter
440 3971 597 4034 interitum
619 3989 656 4034 aa
678 3972 828 4034 tumulum
851 3974 941 4037 dedit.
983 3976 1052 4038 Post
1075 3972 1243 4037 deficiente
