2634 4434
470 1427 708 1516 1111111-
740 1429 1003 1518 0110811

408 1611 778 1682 Pnnsnrnnnr
808 1612 1066 1699 nisenam,

163 1832 165 1837 ·
283 1777 1186 1910 HISTORIARUM

498 2026 657 2098 LIBER
697 2029 987 2099 SECUNDUS.
1057 2024 1064 2036 ’
1102 2094 1105 2101 .

631 2243 840 2253 ..—-.——-—.

602 2303 875 2527 tepuit.

276 2595 333 2662 De
355 2613 540 2678 reptionem
565 2595 754 2659 mutatione
775 2591 843 2658 Det
862 2592 1079 2677 providentio
1096 2591 1199 2677 screto.

297 2748 457 2811 Neminem
481 2747 543 2828 jam
572 2765 642 2810 osse
674 2746 830 2808 hominum
863 2747 1009 2824 arbitror,
1043 2764 1135 2825 quem
1168 2747 1265 2808 tatere

213 2848 278 2932 [85]
305 2849 416 2933 ppssit,
444 2849 527 2928 quod
553 2847 707 2910 hominem
740 2849 773 2910 in
805 2847 864 2910 hoo
896 2847 1010 2909 mundo
1038 2845 1123 2908 Deus
1156 2845 1266 2908 iecerit

211 2957 342 3026 rectum,
370 2947 453 3009 unde
475 2949 566 3010 etiam
588 2956 736 3030 peccante
758 2947 881 3009 homine
903 2946 1035 3008 mundus
1057 2949 1207 3028 arguitur,
1230 2964 1267 3008 ao

211 3056 336 3130 propter
357 3055 493 3110 nostram
515 3049 778 3131 intemperantiam
802 3047 1058 3128 comprimendam
1081 3053 1162 3108 terra
1176 3045 1266 3122 haee,

187 3135 245 3212 ‘in
268 3167 328 3230 qua
349 3149 493 3227 vivimus,
517 3148 640 3212 deiectu
662 3157 853 3211 caeterorum
876 3147 1062 3224 animalium,
1091 3154 1123 3208 et
1144 3147 1267 3209 sterili-

211 3256 274 3311 tate
296 3266 420 3312 suorum
443 3248 599 3312 fruetuum
624 3250 797 3332 castigatur.
840 3248 947 3328 itaque
975 3248 1001 3309 si
1028 3253 1169 3308 ereatura
1196 3247 1268 3321 Dei,

210 3349 321 3410 merito
344 3355 375 3409 et
397 3348 582 3428 dispensatio
603 3350 663 3412 Dei
684 3365 805 3426 sumus,
834 3349 903 3428 quis
931 3347 1012 3409 enim
1034 3347 1132 3427 magis
1154 3345 1271 3427 diligit,
1301 3364 1302 3457 p

212 3465 304 3528 qnam
326 3447 379 3509 ille
401 3448 454 3527 qui
476 3445 574 3513 iecit?
597 3449 667 3528 quis
689 3456 790 3511 autem
814 3448 983 3511 ordinatius
1003 3447 1101 3527 regit3
1125 3463 1221 3526 quam
1246 3446 1272 3506 is
1301 3462 1302 3549 ,

213 3547 267 3627 qui
290 3554 321 3608 ot
342 3545 416 3609 feeit
438 3555 470 3610 et
491 3548 612 3630 diligit?
642 3549 711 3629 quis
733 3565 807 3609 vero
830 3549 999 3628 sapientius
1021 3553 1054 3608 et
1075 3545 1187 3608 fortius
1211 3564 1272 3608 or-
1301 3586 1302 3601 r

212 3647 373 3731 dinarept
394 3665 505 3730 regere
526 3647 605 3710 sacta
627 3653 707 3726 post,
730 3665 819 3727 quam
843 3648 897 3728 qni
919 3653 951 3708 ot
965 3645 1106 3707 facienda
1121 3647 1274 3724 providit,
1301 3658 1302 3725 i

212 3742 277 3829 [86]
301 3753 332 3809 et
353 3748 475 3826 provisa
496 3746 647 3825 perfecit?
682 3747 874 3827 Quapropter
900 3763 1022 3808 omnem
1043 3751 1234 3826 potestatem
1258 3766 1277 3809 a
1301 3730 1302 3737 ἵ

210 3844 278 3905 Deo
305 3862 373 3908 esse
401 3862 584 3924 omnemque
613 3845 853 3924 ordinationem,
884 3853 916 3908 et
943 3846 997 3926 qni
1025 3862 1087 3908 non
1110 3844 1276 3926 legerunt,

208 3943 358 4021 sentiunt,
381 3952 412 4007 et
432 3944 485 4024 qui
500 3944 653 4024 legerunt,
668 3953 904 4028 recognoscunt.
939 3945 1028 4028 Quod
1049 3945 1077 4009 si
1097 3950 1279 4025 potestates
