2634 4434
562 316 608 389 91

63 549 203 614 obtinere
224 550 342 614 viribus
362 549 515 627 Africam,
543 557 637 630 atque
659 549 731 614 inde
753 550 785 612 io
808 547 923 612 ltaliam
945 549 1112 630 transvehi,

61 649 189 712 Romani
210 651 299 714 inter.
313 657 453 714 caeteros
476 651 571 712 duces
593 657 668 712 tunc
682 651 714 712 in
730 649 887 731 republica
902 666 957 712 sua
972 651 1111 729 optimos,

61 749 143 812 hauc
164 754 362 832 praecipuum
390 751 475 830 lore,
504 752 559 832 qui
587 750 757 815 Alexandri
785 752 931 830 impetum
959 750 1112 812 sustinere

62 858 179 929 posset,
202 853 432 916 meditarentur.

405 1104 593 1242 tlaput
642 1103 763 1212 llll

59 1308 262 1374 Alexander
297 1304 454 1407 Philippo
492 1311 686 1393 succedens
730 1307 931 1388 Thebanos,
964 1306 1113 1395 Illyrios,

61 1409 238 1504 Thracas,
269 1405 442 1491 urbesque
473 1412 562 1477 olias
588 1405 975 1495 perdomuil,'Dcrium
1001 1413 1113 1477 olant.

145 1559 244 1641 lgitnr
265 1559 455 1638 Alexander,
484 1582 564 1624 anno
592 1565 630 1626 ab
656 1565 738 1628 Urbe
765 1566 887 1627 condita
910 1563 1112 1626 ccccxxvi.

56 1661 138 1742 patri
160 1658 298 1738 Philippo
319 1662 470 1722 suecessit
490 1663 523 1721 in
544 1679 691 1742 regnum,
719 1667 772 1744 qui
793 1665 920 1742 primam
942 1665 1111 1742 experien-

58 1765 132 1824 tiam
148 1759 243 1822 animi
258 1766 290 1821 et
304 1759 427 1836 virtptis
441 1778 532 1839 suae,
556 1764 738 1842 compressis
761 1763 906 1831 celeriter
927 1760 1112 1824 Graecorum

59 1857 210 1940 motibus,
232 1859 331 1920 dedit:
353 1860 480 1939 >quibus
500 1870 624 1942 auctor,
646 1869 681 1924 ut
702 1863 739 1924 ab
762 1863 892 1942 imperio
912 1861 1113 1927 Macedonum

60 1960 246 2045 deficerent,
274 1960 499 2024 Demosthenes
521 1970 639 2040 orator,
662 1981 737 2026 auro
759 1963 917 2024 Persarum
940 1967 1112 2041 corruptus,

62 2062 229 2124 exstiterat.
265 2057 373 2138 ltaque
395 2059 636 2126 Atheniensibus
657 2063 773 2126 bellum
791 2062 1032 2152 'deprecantibus
1054 2079 1111 2123 re-

62 2162 160 2238 misit,
183 2176 261 2240 quos
289 2160 415 2240 insuper
441 2163 532 2223 etiam
560 2163 692 2226 mulctae
716 2170 798 2224 metu
820 2162 927 2224 solvit:
951 2162 1112 2224 'lhebanos

63 2280 134 2323 cum
158 2260 257 2322 diruta
278 2261 404 2322 civitate
419 2261 544 2338 delevit,
566 2262 703 2342 reliquos
718 2262 775 2324 sub
792 2279 904 2324 corona
919 2279 1002 2322 ren-
1025 2257 1111 2342 [181]

62 2362 151 2424 didit:
172 2366 309 2421 caeteras
331 2361 425 2425 urbes
439 2360 574 2434 Achaiae
597 2369 628 2422 et
642 2362 818 2424 Thessaliae
839 2361 1007 2444 vectigales
1030 2360 1112 2422 lecit.

62 2461 182 2541 illyrios
204 2477 329 2539 quoque
359 2467 390 2521 et
411 2460 559 2537 Thracas,
592 2461 737 2522 translato
771 2476 842 2520 mox
873 2460 984 2520 abhinc
1018 2460 1111 2536 bello,

63 2561 186 2623 domuit.
244 2559 319 2621 lnde
355 2556 549 2638 prolecturus
581 2559 619 2621 ad
656 2554 814 2620 Persmum
848 2557 963 2620 bellum
1006 2573 1112 2621 omnes

62 2668 208 2742 cognatos
241 2678 277 2722 ac
309 2661 465 2740 proximos
497 2676 571 2722 snos
603 2657 767 2722 interfecit.
811 2657 845 2720 ln
876 2659 1015 2722 exercitu
1045 2661 1112 2740 ejus

63 2759 152 2822 luere
172 2761 309 2840 peditum
332 2761 457 2841 triginta
478 2767 510 2822 et
524 2761 586 2823 duo
601 2760 705 2836 millia,
729 2760 867 2840 equitum
883 2767 1014 2839 quatuor
1029 2759 1113 2820 mille

63 2861 187 2922 ducenti
217 2869 248 2923 et
271 2877 371 2922 naves
403 2867 527 2924 centum
560 2866 592 2922 et
623 2859 788 2940 octoginta.
830 2859 895 2922 Hac
927 2866 987 2922 tam
1019 2875 1112 2938 parva

62 2979 154 3023 manu
179 2961 359 3022 universum
385 2967 535 3022 terrarum
562 2960 685 3038 orbem,
708 2966 809 3022 utrum
831 2959 1040 3038 admirabilius
1061 2961 1112 3038 sit,

61 3061 143 3142 quod
166 3061 292 3137 vicerit,
320 3077 360 3121 an
382 3061 464 3140 quod
486 3061 613 3142 adgredi
633 3077 728 3122 ausus
750 3059 858 3144 luerit,
882 3063 1032 3124 incertum
1056 3067 1111 3123 est.

59 3162 160 3223 Primo
190 3161 256 3241 ejus
289 3177 358 3221 cum
386 3161 480 3221 Dario
510 3177 587 3240 rege
619 3176 804 3240 congressu,
837 3168 983 3223 sexcenta
1018 3159 1112 3220 millia

60 3263 220 3323 Persarum
249 3262 282 3321 iu
311 3261 379 3322 acie
405 3259 510 3340 luere,
539 3277 619 3339 quae
646 3276 709 3320 non
733 3260 833 3322 minus
855 3267 921 3322 arte
943 3258 1112 3322 Alexandri

59 3368 202 3440 superata
226 3377 315 3439 quam
336 3363 451 3423 virtute
469 3359 671 3422 Macedonum
692 3365 778 3439 terga
799 3365 966 3422 verterunt.
1002 3357 1112 3442 Magna

59 3461 155 3541 igitur
176 3460 287 3522 caedes
308 3461 467 3522 Persarum
490 3458 557 3520 luit.
593 3457 628 3519 lu
651 3461 790 3522 exercitu
812 3465 913 3523 autem
931 3459 1111 3536 Alexandri,

60 3568 184 3622 centum
207 3567 239 3622 et
260 3561 371 3642 viginti
393 3561 514 3640 equites
537 3567 568 3622 et
583 3577 692 3623 novem
709 3567 825 3624 tantum
841 3561 959 3642 pedites
974 3559 1111 3622 deluere.

60 3660 181 3721 Deinde
199 3657 334 3721 Gordian
350 3660 499 3742 Pbrygiae
516 3661 682 3739 civitatem,
702 3679 781 3741 quae
797 3678 879 3722 nunc
895 3659 997 3724 Sardis
1007 3726 1011 3734 ,
1021 3655 1110 3732 [182]

61 3761 223 3836 vocitatur,
240 3759 395 3822 obsessam
411 3769 677 3844 oppugnatamque
693 3764 775 3842 cepit
789 3779 825 3822 ao
840 3757 1004 3838 direptioni
1019 3754 1111 3819 dedit.

60 3856 296 3921 indenunoiato
310 3860 370 3923 sibi
384 3862 469 3924 Darii
494 3880 563 3924 cum
584 3862 703 3943 magnis
725 3860 821 3940 copiis
843 3858 978 3922 adventu
999 3854 1111 3919 timens

61 3961 235 4040 angustias,
258 3961 385 4040 quibus,
414 3962 514 4024 inerat
539 3961 692 4041 locorum,
726 3961 858 4023 laurum
881 3959 1014 4017 montem
1037 3957 1112 4020 mira
