2634 4434
1308 180 1309 221 l

714 311 771 383 58

1308 440 1309 531 l

215 548 349 612 Siciliam
370 545 522 610 discordia
550 545 742 624 laborarent,
770 547 942 626 civitasque
963 561 1022 626 per
1041 545 1257 612 dissensionem
1308 546 1309 621 ξ

213 649 309 710 divisa
332 650 363 710 in
386 649 462 712 duas
483 655 585 728 partes
608 654 701 724 esset,
724 663 794 726 pars
815 665 877 708 una
899 653 1063 709 veteranos
1077 648 1116 710 ah
1130 649 1257 726 Himera,
1308 710 1309 713 ,

212 749 289 810 urhe
313 749 447 828 Siciliae,
470 751 502 811 in
523 749 671 810 auxilium
695 747 826 809 vocavit.
869 746 962 808 Porro
985 747 1040 825 illi,
1062 747 1160 828 pulsis
1180 751 1257 810 ciri·

211 853 274 912 tale
295 851 425 929 primum
448 848 510 924 his,
541 855 646 908 contra
674 864 752 929 qucs
781 847 1036 926 implorabantur,
1058 847 1170 910 deinde
1192 867 1259 910 mox

212 953 310 1012 caesis
333 950 424 1012 etiam
447 949 518 1025 illis,
542 948 653 1030 quibus
676 948 713 1010 ad
736 947 944 1009 auxiliandum
960 955 1181 1024 convenerant,
1203 968 1258 1010 nr·
1308 960 1309 963 ’

211 1049 280 1110 bem
305 1067 374 1111 curn
397 1049 580 1131 conjugibus
603 1053 634 1110 et
655 1047 762 1110 liberis
783 1051 936 1110 sociorum
960 1065 1168 1128 occupavere,
1195 1049 1260 1112 ausi

131 1229 137 1240 ‚
211 1148 330 1211 lacinus
354 1149 429 1211 nulli
451 1155 580 1230 tyranno
603 1151 856 1228 comparandnm3
885 1148 999 1228 quippe
1025 1167 1095 1210 curn
1116 1149 1261 1231 Rheginis

211 1251 334 1330 quidvis
362 1251 481 1329 perpeti
513 1250 608 1312 satius
641 1247 751 1327 fuerit,
785 1267 876 1329 qnam
908 1256 943 1311 ut
974 1249 1055 1312 ultro
1087 1250 1260 1327 invitarent,
1308 1306 1309 1321 ,

211 1351 323 1430 quibus
345 1351 487 1430 patriam,
511 1350 676 1433 conjuges,
697 1351 813 1413 liberos
835 1369 871 1412 ac
892 1358 1020 1430 penates
1042 1351 1101 1432 ipsi
1123 1358 1261 1412 extorres
1308 1362 1309 1455 q

210 1451 248 1512 ad
271 1451 412 1532 praedam
434 1449 654 1530 relinquerent.
698 1452 740 1513 At
760 1453 852 1513 ctiam
875 1451 1076 1530 catanenses,
1103 1469 1174 1514 cum
1197 1453 1260 1532 Sy·
1308 1492 1309 1523 ι

174 1623 176 1629 ,
209 1568 376 1614 racusancs
396 1569 506 1633 graves
528 1552 721 1632 infestosque
742 1557 938 1632 paterentur,
958 1553 998 1614 ab
1021 1551 1263 1616 Atheniensibus
1308 1528 1309 1613 l

209 1653 323 1714 auxilia
349 1660 562 1732 poposcerunt.
619 1653 680 1718 Sed
712 1653 922 1716 Athenienses
951 1670 1011 1716 suo
1042 1655 1150 1735 magis*
1169 1671 1261 1733 qaam

208 1755 361 1815 sociorum
391 1755 492 1816 studio
521 1756 698 1818 instructanr
734 1755 863 1816 classem
895 1754 928 1814 in
947 1741 1099 1815 vSiciliam
1130 1755 1259 1816 misere:

209 1871 278 1914 cnm
301 1862 333 1916 et
354 1854 413 1916 sibi
435 1873 602 1936 propagare
625 1853 807 1913 molirentur
828 1852 1005 1930 imperium,
1032 1858 1064 1913 et
1086 1852 1259 1933 Syracusa-

207 1971 276 2016 nam
314 1955 442 2018 classem
479 1971 577 2034 nnper
614 1953 791 2012 instructam
828 1951 1078 2013 Lacedaemoniis
1110 1952 1261 2031 prolicere

192 2062 397 2129 xnascerentur¹
452 2053 490 2114 Et
523 2053 666 2130 quoniam
699 2047 923 2130 Athenienses,
957 2053 1011 2131 qui
1043 2052 1128 2114 missi
1160 2062 1260 2130 erant,

206 2151 293 2236 [125]
316 2155 413 2217 caesis
441 2151 594 2228 hostibus,
623 2167 770 2230 prospera
797 2152 884 2214 initia
911 2159 1099 2229 sumserant,
1127 2153 1259 2231 majores

206 2257 310 2334 copias
332 2251 598 2330 robustioremque
618 2252 789 2313 exercitum
805 2271 875 2314 cunr
889 2251 1022 2332 Lachete
1038 2260 1070 2314 ct
1081 2252 1259 2314 Charoeadc

205 2353 335 2415 ducibus
368 2351 399 2411 in
435 2348 569 2414 Siciliam
601 2353 801 2416 reduxerunt.
853 2352 913 2417 Sed
948 2352 1153 2430 catanenses,
1185 2353 1260 2414 belli

205 2451 308 2516 taedio
334 2450 479 2530 permoti,
513 2469 582 2515 cum
611 2451 812 2533 Syracusanis
844 2452 955 2516 loedus
987 2455 1111 2531 ineunt,
1144 2453 1261 2514 auxilia

204 2551 439 2614 Atheniensium
468 2554 624 2632 spernunt.
668 2555 739 2616 Post
764 2561 867 2616 autem
896 2552 1111 2634 Syracusanis,
1143 2545 1260 2616 condi-
1308 2554 1309 2637 l

205 2644 305 2713 tiones
341 2653 424 2732 pacis
461 2652 659 2714 meditatione
695 2653 911 2718 dominationis
951 2653 1261 2741 transgredientibus,
1308 2650 1309 2743 ᾗ

204 2753 307 2816 denuo
329 2752 448 2832 legatos
464 2752 600 2816 Athenas
623 2754 760 2816 mittunt:
785 2754 838 2832 qni
858 2755 970 2834 capillo
986 2755 1143 2835 barbaque
1158 2773 1260 2835 squa-
1308 2788 1309 2809 ι

205 2853 270 2931 lidi,
292 2862 324 2916 ct
345 2851 527 2933 lugubribus
550 2853 659 2929 induti,
682 2854 921 2917 misericordiam
943 2863 1037 2935 aque
1057 2856 1208 2918 auxilium
1230 2861 1263 2918 et
1308 2930 1309 2933 Ἴ

204 2969 347 3017 sermone
370 2958 401 3014 et
423 2951 528 3014 habitu
555 2962 762 3032 precarentur.
805 2955 904 3036 lgitur
930 2974 1040 3038 magna
1066 2956 1175 3018 classis
1205 2957 1261 3018 in·
1308 2942 1309 2951 ’

204 3055 347 3131 struitur,
377 3051 506 3114 ducibus
528 3051 615 3114 Nicia
637 3060 669 3114 ct
689 3053 855 3118 Lamacho:
884 3058 1039 3136 tantisque
1060 3055 1180 3119 viribus
1204 3057 1260 3119 Si-

205 3155 275 3216 cilia
296 3154 463 3234 repetitnr,
486 3160 520 3216 ul
541 3153 688 3236 suffragia
707 3174 764 3220 sua
786 3165 819 3220 et
840 3158 872 3220 hi
893 3160 1055 3236 timerent,
1077 3159 1131 3238 qui
1152 3158 1261 3236 impe-

206 3257 375 3318 travissent.
412 3252 618 3317 Athenienses
634 3256 710 3321 duas
725 3257 810 3320 illico
822 3258 981 3338 pedestres
995 3275 1114 3341 pugnas
1135 3276 1260 3322 secun·

204 3355 251 3419 dis
279 3353 474 3418 successibus
499 3353 632 3435 faciunt,
661 3355 884 3438 confectosque
911 3360 943 3421 in
969 3359 1048 3421 urhe
1075 3359 1199 3436 hostes,
1230 3367 1266 3422 et
1308 3344 1309 3431 ζ

204 3450 291 3536 [126]
314 3454 434 3536 objecta
455 3455 553 3520 classe
573 3449 787 3536 circumdatos,
809 3466 891 3523 terra
906 3460 1045 3539 marique
1060 3460 1263 3523 concludunt.
1308 3448 1309 3477 ³

204 3557 245 3617 At
268 3555 468 3637 Syracusani,
490 3558 593 3621 fractis
615 3556 769 3637 fessisque
796 3559 906 3636 rebus,
934 3560 1082 3622 auxilium
1109 3580 1129 3622 a
1154 3560 1262 3624 Lace-
1308 3584 1309 3625 l

204 3656 372 3720 daemoniis
394 3665 516 3738 petunt:
540 3675 558 3718 a
582 3656 694 3736 quihus
723 3677 794 3720 mox
822 3661 952 3722 mittitur
979 3660 1143 3743 Gylippns,
1174 3662 1263 3724 solus

205 3757 338 3836 quidem,
360 3757 471 3819 sedin
493 3774 555 3835 quo
577 3758 713 3818 omnium
736 3760 957 3838 praesidiorum
980 3763 1079 3824 instar
1092 3760 1262 3842 praelere—

204 3857 306 3920 hatur:
332 3857 384 3935 qni
406 3855 546 3933 verriens,
569 3863 603 3917 ut
624 3856 743 3920 audivit
764 3859 942 3924 inclinatum
959 3865 1023 3943 jam
1044 3862 1117 3924 belli
1132 3869 1262 3939 statum,

203 3957 326 4020 auxiliis
354 3953 467 4033 ‚partim
500 3955 531 4018 in
568 3954 696 4021 Graecia
735 3961 843 4040 partiar
875 3963 907 4024 in
941 3962 1047 4027 Sicilia
1080 3965 1262 4039 contractis,
