2634 4434
594 440 798 448 .....,

179 557 266 641 ribus
287 582 380 656 atque
402 574 489 638 exilii
511 573 622 637 fuisse:
646 573 697 645 bic
712 587 847 655 sequens
866 570 923 633 sub
940 569 1115 631 Domitiano
1138 587 1236 651 poena

179 675 321 738 similiter
335 674 478 752 ostendit,
500 674 665 736 satellitum
683 671 875 753 militumque
891 674 958 754 ejus
974 670 1121 751 improbis
1138 670 1235 733 elire-

180 777 322 856 natisque
345 775 533 839 discursibus
555 774 761 838 cruentissimi
778 777 865 856 jussa
886 773 1033 854 principis
1052 789 1236 852 exsequen-

181 877 273 955 tium,
307 876 344 937 ad
378 877 509 956 inopiam
543 894 641 956 paene
675 892 781 938 omnes
806 877 901 937 'cives
930 874 1082 935 Romanos
1113 872 1237 934 adactos

182 977 339 1056 exilioque
362 976 533 1056 dispersos.
582 976 629 1037 lbi
661 979 750 1038 tertia
782 975 905 1037 vexatio
938 973 1044 1036 babuit
1076 972 1237 1052 cyniphes,

182 1076 335 1138 musculas
358 1076 477 1138 scilicet
499 1077 693 1156 parvissimas
721 1095 757 1138 ac
783 1076 992 1151 saevissimas,
1020 1092 1100 1153 quae
1128 1073 1239 1134 mediis

182 1193 276 1255 saepe
297 1176 433 1237 aestibus
455 1194 510 1256 per
531 1176 598 1238 loca
619 1176 759 1256 squalida
781 1176 972 1239 coadunatim
988 1173 1138 1236 vibrando
1156 1173 1238 1234 den-

183 1283 279 1354 satae,
302 1283 334 1338 et
355 1276 475 1338 tinnulo
488 1275 601 1338 *volatu
623 1277 723 1339 adlabi
745 1277 854 1352 solent,
878 1275 1057 1354 capillisque
1078 1273 1239 1335 bominum

183 1394 220 1438 ac
241 1376 393 1455 pecudum
415 1377 490 1437 setis
512 1394 581 1437 cum
604 1385 714 1438 urente
737 1395 839 1439 morsu
865 1376 1025 1437 interseri:
1054 1374 1105 1436 hic
1132 1375 1238 1436 itidem

184 1477 274 1536 terlio
295 1475 353 1536 sub
375 1476 504 1557 Trajeno
525 1476 613 1557 plaga
634 1476 768 1538 ludaeos
791 1478 951 1538 excitavit:
980 1476 1034 1555 qui
1056 1492 1126 1535 cum
1151 1482 1240 1536 antea

184 1574 302 1654 ubique
329 1575 458 1656 dispersi
485 1579 525 1638 ita
548 1578 628 1657 jam,
663 1579 748 1656 quasi
781 1595 843 1638 non
878 1583 996 1653 essent,
1030 1576 1239 1654 quiescerent,

184 1676 347 1756 repentino
370 1689 477 1739 omnes
498 1677 752 1756 calore‘permoti
775 1679 806 1739 in
825 1679 917 1768 ipsos,
940 1679 1022 1738 inter
1041 1693 1120 1755 quos
1141 1682 1240 1752 erant,

186 1783 250 1838 toto
272 1777 347 1838 orbe
368 1779 555 1853 saevierunt,
578 1778 695 1858 absque
718 1780 834 1859 magnis
854 1778 1015 1839 multarum
1030 1775 1153 1838 urbium
1169 1776 1240 1836 rui-

185 1879 245 1954 nis,
268 1896 344 1958 quas
366 1877 467 1939 crebri
490 1885 690 1940 terraemotus
713 1879 820 1940 iisdem
839 1877 1025 1956 temporibus
1040 1876 1240 1939 subruerunt.

186 1977 233 2040 lbi
256 1979 287 2038 in
310 1985 417 2056 quarta
438 1977 526 2058 plaga
554 1996 677 2041 muscae
706 1979 834 2043 caninae
858 1978 998 2055 fuerunt,
1026 1995 1139 2040 saevae
1167 1976 1240 2038 alu·
1271 2005 1280 2012 ·

189 2096 277 2138 mnae
306 2076 491 2154 putredinis,
524 2080 738 2157 aerariumque
765 2086 892 2141 matres:
921 2080 971 2141 hio
998 2080 1103 2139 itidem
1133 2084 1243 2157 quarta

189 2175 279 2252 [534]
302 2177 358 2238 sub
374 2175 476 2238 Marco
492 2176 648 2238 Antonino
672 2178 769 2259 plaga,
793 2178 860 2241 lues
882 2163 1018 2259 plurimis
1041 2177 1142 2240 inlusa
1166 2195 1244 2259 pro·

189 2278 300 2338 vinciis
326 2276 442 2337 ltaliam
470 2295 594 2357 quoque
621 2297 690 2340 cum
714 2279 791 2341 urbe
813 2278 907 2340 Roma
929 2281 1120 2357 universam,
1145 2297 1244 2340 exer-

190 2378 346 2455 citumque
368 2375 535 2437 Romanum
558 2395 614 2456 per
635 2379 820 2460 longinquos
843 2380 954 2442 limites
981 2387 1012 2441 et
1040 2381 1162 2441 diversa
1189 2379 1245 2439 bi-

190 2477 286 2538 berna
318 2476 502 2555 dispersum,
537 2478 568 2536 in
597 2487 723 2540 mortem
753 2481 948 2557 dissolutum,
976 2481 1130 2561 putredini
1153 2479 1247 2540 simul

190 2595 226 2638 ac
248 2575 404 2638 vermibus
426 2576 526 2638 dedit:
550 2577 596 2638 lbi
617 2581 722 2658 quinta
738 2583 890 2661 correptio
905 2598 1049 2661 pecorum
1066 2599 1101 2641 ac
1113 2580 1246 2659 jumen-

191 2683 290 2737 torum
313 2677 474 2754 repentino
501 2679 627 2739 interitu
654 2679 776 2759 expleta
803 2688 864 2742 est:
892 2681 943 2742 bio
969 2679 1111 2742 similiter
1138 2680 1248 2759 quinta

191 2776 309 2840 ultione
335 2775 392 2836 sub
416 2775 532 2838 Severo
554 2788 752 2857 persecutore
774 2780 968 2842 creberrimis
990 2779 1133 2841 civilibus
1156 2759 1247 2840 bellis

191 2879 311 2957 propria
334 2878 452 2938 viscera
474 2885 506 2940 et
526 2878 700 2957 adjumenta
727 2879 930 2959 reipublicae,
960 2880 1019 2942 boc
1047 2887 1110 2956 est,
1139 2879 1247 2958 plebes

192 2977 432 3055 provinciarum,
461 2984 493 3037 et
518 2977 658 3058 legiones
681 2980 826 3056 militum,
850 2981 1054 3042 comminutae
1077 2987 1155 3042 sunt.
1201 2979 1248 3039 lbi

192 3083 279 3138 sexta
302 3076 424 3136 vexatio
446 3075 549 3138 intulit
570 3081 689 3141 vesicas
712 3080 961 3157 effervescentes,
985 3080 1160 3160 ulceraque,
1176 3097 1247 3140 ma-

193 3175 312 3238 nantia:
337 3174 386 3237 bio
408 3194 508 3255 aeque
529 3185 616 3239 sexta
638 3181 773 3259 punitio,
796 3199 876 3260 quae
899 3188 967 3259 post
988 3180 1146 3241 Maximini
1170 3196 1248 3259 per-

192 3277 383 3337 secutionem
406 3273 475 3359 tuit,
498 3277 551 3355 qui
565 3280 741 3358 specialiter
756 3282 925 3360 episcopos,
944 3287 975 3341 et
990 3280 1120 3341 clericos
1135 3281 1250 3340 omissa

194 3376 281 3437 turba
297 3375 444 3454 populari,
468 3375 525 3438 boo
542 3385 603 3440 est:
628 3379 826 3442 ecclesiarum
848 3380 992 3459 primates
1015 3380 1162 3441 trucidari
1184 3380 1249 3440 irn-

193 3481 368 3554 peraverat,
390 3477 602 3538 intumescens
630 3479 739 3541 crebro
767 3481 811 3540 ira
838 3487 931 3559 atque
954 3479 1086 3557 invidia,
1110 3497 1170 3540 non
1193 3497 1252 3558 per

193 3575 280 3656 uulgi
307 3576 447 3652 caedem,
477 3577 532 3638 sed
558 3596 614 3658 per
639 3578 767 3640 vulnera
801 3587 978 3660 mortesque
1013 3581 1184 3659 principum
1213 3596 1252 3640 ac

194 3676 363 3754 potentium
386 3674 524 3737 exbalala
547 3684 601 3739 est.
634 3677 680 3738 lbi
702 3681 829 3757 septima
845 3680 933 3760 plaga
949 3687 1128 3742 numeratur
1142 3685 1252 3740 coacto

194 3778 266 3835 aere
292 3774 409 3854 grando
436 3775 576 3854 prolusa,
610 3793 690 3854 quae
717 3776 907 3856 bominibus,
933 3780 1083 3861 jumentis
1112 3779 1251 3857 satisque

195 3873 291 3933 exitio
313 3872 384 3936 fuit:
413 3875 462 3936 hic
488 3875 629 3937 similiter
655 3877 783 3955 septima
810 3877 868 3939 sub
898 3878 985 3942 Gallo
1013 3886 1044 3940 et
1070 3877 1252 3954 Volusiano,

195 3971 248 4047 qui
271 3973 460 4048 persecutori
487 3973 582 4034 Decio
612 3992 684 4037 mox
711 3975 873 4070 interfecto
901 3984 1131 4057 successerant,
1162 3976 1254 4059 plaga
