2634 4434
571 326 639 395 321

69 563 233 644 praesidio
262 561 412 642 Pyrenaei
439 560 533 640 Alpes
560 560 781 640 moliebantur,
810 559 858 624 his
885 560 1021 624 barbaris
1048 561 1137 641 quasi
1237 561 1239 568 ’

70 665 113 724 in
135 665 266 742 pretium
295 663 460 737 victoriae,
489 663 618 741 primurn
641 661 807 741 praedandi
829 662 862 724 in
883 661 1026 724 Palatinis
1049 659 1138 743 {578}

73 765 195 843 campis
217 754 342 824 licentia
364 763 448 823 data:
472 762 587 824 deliine
603 761 769 842 supradicti
785 763 897 822 montis
911 762 1136 824 claustrorum-

75 881 143 942 que
166 858 232 942 ejus
255 880 329 924 cura
350 863 496 940 permissa
519 869 580 939 est,
609 869 728 924 remota
748 863 974 923 rusticanorum
997 860 1080 923 fideli
1103 866 1137 923 et

74 963 151 1024 utili
183 963 330 1024 custodia
373 961 471 1042 Igitur
497 961 678 1040 Honoriaoi,
711 961 821 1024 imbuti
848 962 959 1042 praeda
986 969 1018 1022 ct
1039 958 1135 1023 illecti

75 1063 282 1138 abundantia,
312 1079 374 1142 quo
397 1062 493 1141 magis
514 1061 616 1124 scelus
639 1063 821 1141 impunitum
844 1061 939 1138 foret,
962 1069 1054 1142 atque
1077 1064 1135 1142 ipsi

76 1164 194 1225 sceleri
214 1162 282 1241 plus
309 1162 434 1237 liceret,
462 1161 580 1240 prodita
601 1162 751 1242 Pyrenaei
773 1163 909 1224 custodia
932 1161 1137 1242 claustrisque

76 1263 258 1343 patefactis,
290 1269 416 1323 cunetas
447 1269 575 1343 gentes,
604 1280 684 1342 quae
712 1280 768 1343 per
796 1261 909 1323 Gallias
935 1261 1134 1343 vagabantur,

76 1363 292 1442 Hispaniarum
314 1363 481 1442 provinciis
497 1362 675 1440 immittunt,
695 1363 866 1444 iisdemque
883 1363 940 1442 ipsi
955 1363 1133 1444 adjungun-

77 1471 147 1540 tur,
175 1462 228 1523 ubi
254 1464 330 1524 actis
357 1463 544 1542 aliquamdiu
571 1463 690 1543 magnis
713 1465 911 1542 cruentisque
934 1463 1134 1539 discurritur,

78 1570 150 1642 pest
170 1579 281 1643 graves
301 1580 403 1623 rerum
426 1569 519 1641 atque
541 1561 699 1624 hominum
725 1565 928 1640 vastationes,
956 1563 995 1625 de
1022 1562 1135 1643 quibus
1201 1561 1204 1564 ’

78 1666 164 1742 ipsos
185 1677 309 1742 queque
333 1663 424 1724 niodo
444 1663 592 1742 poenitet,
615 1662 823 1726 liabita’sorte
846 1669 879 1724 ei
899 1662 1060 1726 distributa
1077 1677 1133 1724 us-

79 1777 142 1843 que
165 1761 203 1824 ad
225 1780 308 1825 nunc
329 1763 524 1844 possessione
546 1763 726 1828 cernistnnt.

427 2013 625 2154 ttapnt
658 2013 795 2141 ,xli

102 2216 283 2285 Dictorum
304 2218 399 2283 vetut
418 2217 579 2304 epitopua.
622 2217 713 2285 item
738 2238 856 2286 omnes
883 2222 997 2288 omnia
1014 2223 1114 2306 juste

236 2321 457 2399 sustinuisse,
478 2323 552 2386 aive
571 2321 622 2403 pii
641 2322 715 2386 sice
734 2323 827 2405 impii
837 2319 981 2406 fiterini.

166 2473 260 2537 llulta
283 2492 366 2536 nnnc
394 2473 468 2537 milri
495 2476 536 2538 de
560 2475 734 2557 hujusmodi
760 2477 853 2540 rebus
882 2478 1028 2557 loquendi
1055 2477 1136 2540 soret

80 2562 231 2650 facultas,
260 2575 287 2634 si
319 2591 381 2634 non
413 2577 581 2637 secundum
611 2593 719 2639 omnes
748 2577 887 2640 homines
914 2579 993 2658 apud
1021 2580 1133 2642 unius-

81 2674 235 2751 cuiusque
260 2679 393 2735 mentem
416 2678 603 2739 conscientia
625 2685 744 2740 secreta
766 2679 954 2760 loqueretur.
998 2677 1135 2760 irruptae

81 2779 157 2837 sunt
178 2771 358 2852 Hispaniae,
386 2775 498 2837 caedes
523 2781 773 2862 vastationesque
802 2797 907 2860 passae
930 2788 1009 2842 sunt.
1054 2780 1136 2842 Nihil

82 2873 208 2954 quidem
232 2891 362 2951 novum3
392 2875 554 2938 nonenim
578 2895 661 2941 nune
682 2899 738 2960 per
758 2881 916 2942 biennium
940 2879 1026 2960 illud,
1050 2865 1145 2964 [579]ι

83 2991 146 3052 quo
174 2973 292 3034 hostilis
318 2976 439 3054 gladius
466 2980 591 3054 saeviit,
625 2983 801 3044 sustinuere
829 2999 848 3042 a
874 2979 1025 3060 barbaris,
1054 2981 1136 3064 quod

82 3088 140 3152 per
167 3073 318 3135 ducentos
346 3077 499 3154 quondam
526 3093 622 3136 annos
650 3096 757 3156 passae
785 3082 910 3143 inerunt
939 3101 955 3143 a
982 3081 1136 3162 Romanis,

85 3172 281 3252 quodetiam
304 3173 361 3235 sul)
385 3172 523 3235 Gallieno
551 3175 736 3255 Imperatore
764 3198 819 3259 per
844 3199 939 3243 annas
968 3200 1136 3263 propemo-

85 3273 156 3334 dum
172 3273 345 3351 duodecim,
369 3273 528 3336 Germanis
544 3278 753 3347 evertentibus
770 3289 967 3362 exceperunt.
1001 3283 1136 3344 Verum-

84 3380 187 3434 tamen
199 3376 280 3453 quis
302 3393 364 3437 non
387 3393 438 3452 se,
468 3378 521 3455 qui
547 3378 595 3445 sui
618 3393 807 3458 suorumque
828 3389 951 3445 actuum
973 3383 1023 3444 vel
1046 3385 1136 3446 etiarn

85 3474 304 3552 cogitationum
338 3477 496 3561 conscius,
525 3477 641 3558 judicia
674 3479 733 3539 Dei
765 3483 887 3568 metuit,
918 3483 1002 3564 juste
1037 3487 1138 3546 omnia
1178 3489 1184 3492 “

86 3590 224 3653 passum,
250 3575 300 3636 vel
328 3577 418 3636 etiam
446 3595 538 3656 parva
566 3579 750 3645 sustinuisse
778 3579 930 3644 fateatur?
953 3593 1005 3644 aut
1028 3585 1081 3664 qni
1103 3601 1137 3646 sc

32 3752 36 3753 γ
86 3689 148 3734 non
171 3675 332 3755 intelligit,
360 3676 522 3757 Deumque
551 3667 612 3739 non
640 3681 765 3760 metuit,
795 3683 947 3762 quomode
973 3701 1035 3744 non
1053 3686 1138 3766 juste

87 3775 143 3834 isla
167 3775 343 3854 etquidem
366 3793 458 3854 parva
480 3777 646 3844 sustinuit?
691 3783 777 3855 Quae
800 3801 868 3843 cum
892 3783 932 3845 ita
955 3784 1030 3859 sint,
1061 3784 1138 3845 illud

87 3881 188 3941 temen
206 3874 368 3937 elementia
384 3876 442 3939 Dei
457 3881 563 3941 eadem
580 3883 704 3959 pietate,
721 3899 780 3961 qua
797 3881 910 3942 dudum
934 3883 1137 3961 praedixerat,

87 3974 278 4054 procuravit,
300 3982 335 4036 nt
356 3978 525 4038 seeundum
548 3978 749 4061 Evangelium
772 3998 877 4058 suum,
907 3999 968 4062 quo
996 3983 1136 4048 incessa-
