2634 4434
711 291 760 362 86

213 533 276 593 citu
291 528 436 609 spondet:
458 525 574 591 bellum
598 531 699 587 tamen
722 525 760 586 ab
783 524 922 603 utrisque
944 523 1043 603 parari
1065 531 1156 588 vetat.
1194 525 1258 606 lgi-

132 646 135 654 ’
173 608 192 615 *¹
211 638 262 691 tur
287 628 441 707 Philippus
468 626 625 688 instructis
658 625 770 702 copiis,
803 624 959 704 angustias
991 622 1257 706 Thermopylarum

209 745 338 792 securus
365 727 553 808 ingreditur,
582 741 698 805 easque
727 727 890 802 occupatas
918 723 1072 802 dispositis
1100 725 1258 803 praesidiis

209 828 347 891 emuniit.
383 827 469 887 'lunc
484 825 613 904 primum
628 841 664 885 se
679 841 740 884 non
756 822 928 884 Phocenses
946 822 1016 900 soli,
1038 823 1093 886 sed
1115 831 1148 886 et
1155 827 1258 886 omnis

210 928 338 990 Graecia
361 931 477 1004 captam
500 940 569 986 esse
592 924 757 1003 persensit:
778 923 929 1002 siquidem
953 923 1066 1002 primos
1087 923 1257 986 Phocenses

206 1029 373 1108 Philippus,
394 1032 483 1103 rupta
504 1023 564 1084 lide
587 1023 766 1102 calcatoque
788 1030 989 1100 sacramento,
1012 1021 1156 1086 infandae
1177 1025 1257 1086 dila-

207 1125 359 1192 cerationi
389 1123 489 1198 dedit3
526 1123 599 1185 inde
631 1125 765 1184 omnium
799 1122 892 1184 urbes
925 1121 1064 1202 finesque
1098 1124 1257 1203 populatus

207 1233 334 1291 cruenta
355 1223 529 1305 praesentia
551 1223 670 1298 ellecit,
693 1229 727 1282 ut
749 1223 840 1284 etiam
862 1223 974 1284 absens
996 1224 1164 1286 timeretur.
1202 1225 1258 1287 Ubi

205 1344 283 1391 uero
304 1327 337 1387 in
363 1340 494 1406 regnum
519 1323 628 1397 rediit,
656 1337 742 1382 more
768 1328 939 1400 pastorum,
972 1325 1026 1402 qui
1058 1341 1170 1403 pecora
1203 1343 1258 1388 sua

205 1444 290 1489 nuuc
311 1441 366 1504 per
387 1422 531 1500 aestivos,
553 1439 637 1483 nunc
658 1439 714 1501 per
733 1421 878 1484 hibernos
898 1423 993 1485 saltus
1014 1425 1257 1502 circumducunt,

204 1525 334 1607 populos
357 1530 388 1584 et
409 1522 514 1601 urbes,
537 1529 579 1606 ut·
592 1523 637 1584 illi
658 1521 804 1602 replenda
827 1522 878 1584 vel
895 1523 1098 1602 relinquenda
1114 1543 1257 1605 quaeque

204 1626 272 1688 loca
299 1623 498 1699 uidebantur,
525 1622 565 1684 ad
591 1621 749 1684 libidinem
777 1640 862 1685 suam
891 1621 1042 1685 transfert.
1084 1622 1257 1687 Miseranda

203 1725 321 1805 ubique
343 1721 439 1785 facies
461 1729 492 1784 et
513 1724 735 1786 atrocissimum
758 1723 947 1782 miseriarum
975 1738 1075 1800 genus
1103 1723 1256 1787 obversa-

202 1826 309 1900 batur,
337 1823 456 1901 perpeti
483 1821 637 1883 excidium
660 1824 728 1882 sine
750 1820 935 1898 irruptione,
957 1821 1025 1882 sine
1048 1821 1130 1884 bello
1154 1827 1255 1904 capti-

202 1925 346 1998 vitatem,
368 1921 437 1981 siue
462 1920 592 1981 crimine
621 1920 780 2001 exsilium,
809 1920 876 1980 sine
907 1919 1025 1982 victore
1057 1922 1256 1986 dominatum.

201 2023 315 2085 Premit
336 2021 465 2082 miseros
487 2020 568 2080 inter
589 2020 768 2101 injuriarum
792 2017 930 2080 stimulos
952 2021 1133 2099 superfusus
1148 2042 1255 2103 pavor,

200 2125 330 2202 ipsaque
352 2119 594 2182 dissimulatione
616 2118 703 2180 dolor
731 2118 855 2180 crescit:
887 2116 944 2180 boc
972 2119 1063 2183 altius
1090 2123 1255 2202 demissus,

202 2218 294 2296 [lid]
309 2237 371 2301 quo
386 2219 487 2280 minus
501 2217 637 2297 profiteri
652 2219 740 2298 licet,
761 2218 957 2296 timentibus,
972 2238 1012 2282 ne
1027 2223 1111 2301 ipsae
1126 2241 1255 2304 quoque

199 2320 344 2383 lacrimae
366 2335 421 2400 pro
443 2319 634 2379 contumacia
656 2319 852 2398 accipiantur.
889 2318 976 2382 Alios
1003 2322 1130 2402 populos
1157 2325 1253 2384 avul-

198 2439 250 2484 sos
277 2439 294 2482 a
322 2419 447 2482 sedibus
474 2419 539 2480 suis
567 2417 680 2480 linibus
706 2417 839 2480 bostium
867 2422 1007 2498 opponit:
1037 2421 1112 2484 alios
1135 2424 1168 2484 in
1188 2443 1252 2486 ex-

197 2521 305 2582 tremis
319 2520 409 2600 regni
423 2519 562 2581 terminis
583 2520 705 2580 statuit:
730 2519 876 2598 quosdam
899 2520 1103 2584 aemulatione
1125 2525 1252 2603 virium,

197 2635 239 2680 ne
259 2619 393 2698 possint,
416 2617 497 2696 quod
520 2633 611 2696 posse
632 2615 815 2694 creduntur,
838 2621 869 2682 in
892 2619 1102 2699 supplementa
1125 2623 1250 2687 exhau-

197 2723 312 2779 starum
334 2715 456 2778 urbium
479 2714 594 2777 dividit.
638 2714 682 2777 lta
711 2715 962 2796 gloriosissimum
991 2720 1066 2782 illud
1094 2725 1250 2804 quondam

196 2815 335 2879 florentis
355 2815 502 2877 Graeciae
524 2833 635 2895 corpus
657 2817 690 2876 in
712 2816 820 2878 multas
842 2817 1052 2900 laceratasque
1073 2825 1250 2904 particulas,

116 2946 120 2951 ¹
189 2917 348 2981 ⁴exstincta
365 2917 500 3012 primum
522 2915 680 2995 libertate,
703 2918 844 2982 concidit.

524 3169 718 3307 capu
765 3167 900 3277 mu.
973 3136 976 3140 ’

192 3369 402 3456 Byzantium
422 3370 602 3459 Philippus
619 3372 757 3459 flastra
779 3374 922 3441 obsidet.
960 3372 1139 3461 scyrorum
1161 3379 1249 3447 dello

213 3472 416 3556 adpreditor
442 3478 477 3539 et
496 3477 611 3541 vineit.
656 3473 800 3542 Triballi
820 3478 987 3560 praedam
1008 3479 1041 3542 ei
1061 3480 1224 3559 eripiunt.

276 3625 339 3689 Sed
359 3625 436 3689 baec
458 3645 528 3688 curn
551 3644 605 3706 per
625 3625 797 3707 aliquantas
812 3629 959 3694 Graeciae
982 3633 1122 3694 civitates
1145 3651 1246 3697 exer-

189 3725 306 3787 cuisset
320 3733 352 3788 et
366 3732 468 3788 tamen
483 3743 590 3787 omnes
605 3733 688 3788 metu
705 3737 874 3808 premeret,
890 3734 1059 3814 conjiciens
1074 3751 1115 3794 ex
1129 3735 1248 3814 praeda

188 3840 354 3902 paucorum
370 3841 445 3902 opes
460 3826 606 3900 omnium,
628 3825 667 3912 ad
688 3825 903 3906 perficiendam
925 3832 1086 3913 aequalem
1109 3834 1142 3895 in
1164 3837 1245 3896 uni-

188 3923 288 3984 uersis
302 3924 513 4001 vastationem,
533 3924 600 3985 utili
616 3925 823 3994 emolumento
838 3934 1043 3998 necessariam
1059 3933 1246 3998 maritimam
