2634 4434
687 346 759 417 262

558 450 560 453 -
620 445 828 457 ——u-——n

198 602 288 648 verso
310 584 443 646 humano
464 583 573 664 generi
596 588 659 643 toto
679 582 755 644 orbe
772 580 936 643 metuendi.
974 579 1009 641 ln
1024 581 1136 643 diebus
1152 589 1250 645 autem

197 686 315 762 salutis,
336 683 396 745 hoc
419 691 482 744 est:
507 683 694 762 temporibus
711 681 899 757 Christianis,
922 680 1099 742 convellere
1115 683 1250 762 quietem

198 804 260 848 non
287 791 388 864 potest
414 783 465 845 vel
493 783 605 844 Cacsar
632 782 770 845 inlastus.
815 781 871 843 llic
899 782 1051 860 siquidem
1082 799 1196 863 magno
1223 790 1251 845 et

198 884 371 948 incredibili
387 885 530 962 adparatu
548 881 703 962 profectus
719 899 869 962 quaerere
886 881 1003 942 hostem
1025 882 1146 944 viribus
1168 885 1249 946 otio-

198 988 251 1063 sis,
274 983 464 1046 Germaniam
488 981 678 1061 Galliamque
700 998 895 1062 percurrens,
919 982 950 1042 in
969 997 1022 1043 ora
1038 980 1157 1044 Oceani
1173 985 1252 1044 circa

198 1090 392 1168 prospectum
407 1083 583 1163 Britanniae
605 1085 725 1146 restitit.
763 1082 901 1163 Cumque
924 1082 967 1143 ibi
988 1081 1251 1163 Minocynobelli·

199 1205 288 1262 num,
321 1184 535 1245 Britannorum
567 1185 652 1264 regis
679 1183 791 1260 lilium,
820 1183 873 1263 qui
901 1201 918 1244 a
945 1189 1030 1263 patre
1052 1183 1161 1262 pulsus
1184 1201 1252 1244 eum

197 1288 303 1368 paucis
325 1283 497 1361 oberrabat,
520 1283 552 1344 in
574 1285 761 1345 deditionem
784 1285 967 1363 recepisset;
992 1282 1157 1344 deficiente
1179 1283 1253 1345 belli

199 1388 325 1450 materia
346 1385 471 1446 Romam
491 1385 592 1446 rediit.
636 1382 747 1444 lisdem
775 1389 877 1444 autem
905 1383 1014 1446 diebus
1040 1383 1169 1462 ludaei,
1199 1384 1253 1463 qui

194 1487 257 1566 jam
292 1492 365 1546 tunc
398 1484 436 1544 ob
469 1486 642 1563 passionem
671 1482 782 1545 Christi
815 1485 932 1546 meritis
964 1483 1094 1563 ubique·
1114 1483 1251 1545 cladibus

199 1582 448 1666 exagitabantur,
476 1583 556 1662 apud
582 1583 800 1644 Alexandriam
826 1585 978 1646 seditione
1002 1585 1152 1660 arcellata,
1174 1601 1249 1663 pro-

198 1686 294 1767 fligati
316 1682 412 1744 caede
434 1688 526 1762 atque
548 1682 625 1744 urbe
648 1683 799 1763 propulsi,
827 1683 1103 1763 expromendarum
1131 1702 1249 1763 quere-

198 1785 296 1848 larum
331 1799 422 1846 causa
449 1781 605 1843 Philonem
637 1782 807 1863 quendam,
839 1785 940 1845 virum
973 1800 1047 1844 sanc
1081 1784 1113 1843 in
1146 1785 1251 1864 primis

200 1886 369 1958 eruditum,
404 1881 536 1961 legatum
565 1882 602 1942 ad
633 1881 794 1943 Caesarem
823 1884 980 1945 miserunt.
1025 1882 1085 1946 Sed
1115 1883 1252 1964 Caligula

199 2004 268 2046 cum
292 1982 432 2044 omnibus
455 1980 640 2058 hominibus,
664 1989 726 2043 tum
750 1986 914 2062 praecipua
933 1982 1058 2044 ludaeis
1080 1982 1250 2046 infestissi-

199 2101 283 2158 mus,
310 2088 411 2160 spreta
438 2080 594 2159 legatione
620 2081 770 2159 Philonis,
801 2100 907 2144 omnes
934 2083 1120 2144 ludaeorum
1150 2102 1251 2145 sacras

199 2184 303 2260 aedes,
326 2188 419 2260 atque
441 2181 472 2241 in
495 2181 599 2260 primis
621 2183 780 2261 antiquum
804 2182 879 2244 illud
901 2181 1120 2262 Hierosolymis
1142 2201 1251 2246 sacra-

80 2311 82 2317 ’
200 2278 287 2366 [465]
310 2283 387 2344 rium
411 2280 564 2361 profanari
587 2281 745 2344 sacrificiis
767 2282 939 2364 gentilium,
962 2301 998 2344 ac
1014 2282 1127 2362 repleri
1142 2285 1252 2345 statuis

198 2383 433 2460 simulacrisque
465 2381 641 2461 imperarit,
674 2399 772 2464 seque
804 2383 848 2445 ibi
877 2389 911 2444 ut
939 2383 1038 2444 Deum
1067 2383 1127 2445 coli
1155 2402 1251 2464 prae-

199 2485 288 2564 cepit.
331 2482 444 2544 Pilatus
466 2489 568 2543 autern
590 2500 730 2562 praeses,
760 2483 814 2562 qui
840 2484 1021 2546 sententiam
1049 2485 1252 2546 damnationis

198 2586 230 2645 in
254 2583 404 2644 Christum
428 2582 556 2659 dixerat,
579 2591 738 2664 postquam
762 2583 907 2664 plurimas
929 2585 1097 2647 seditiones
1119 2586 1151 2645 in
1172 2584 1251 2646 Hie-

198 2682 360 2761 rosolymis
383 2684 505 2761 excepit
526 2701 563 2744 ac
584 2681 676 2760 lecit,
698 2685 789 2745 tantis
811 2685 966 2764 irrogante
989 2685 1061 2766 Cajo
1083 2685 1251 2766 angoribus

199 2789 370 2844 coarctatus
397 2789 460 2857 est,
489 2790 523 2844 ut
551 2800 606 2846 sua
632 2801 668 2846 se
695 2783 947 2848 transverberans
979 2803 1071 2846 manu
1103 2786 1250 2846 malcrum

200 2883 413 2962 compendium
448 2884 553 2945 mortis
586 2883 745 2946 celeritate
774 2886 949 2962 quaesierit.
994 2884 1083 2965 Cajus
1114 2886 1251 2968 Caligula

198 2981 378 3044 lihidinibus
400 2983 464 3042 suis
487 2982 577 3042 etiam
602 2982 677 3044 illud
699 2980 826 3045 sceleris
848 2984 970 3063 adjecit,
993 2992 1027 3046 ut
1041 3003 1164 3048 sorores
1179 3005 1250 3048 suas

198 3081 328 3160 primum
350 3086 456 3160 stupro
478 3080 630 3159 pollueret
652 3082 776 3160 deinde,
799 3085 894 3146 exilio
916 3086 1088 3148 damnaret:
1113 3088 1167 3166 qui
1183 3095 1251 3168 post

198 3196 305 3242 omnes
326 3179 416 3243 simul
440 3181 563 3244 exsules
583 3183 674 3263 jussit
695 3184 802 3247 occidi.
839 3182 907 3264 lpse
929 3193 1031 3268 autem
1054 3205 1070 3248 a
1092 3189 1157 3248 sois
1172 3204 1250 3266 pro-

197 3281 366 3344 tectoribus
388 3283 508 3344 oooisus
532 3289 585 3346 est.
630 3283 699 3345 Duo
721 3283 818 3346 libelli
840 3287 872 3346 in
894 3287 1022 3348 secretis
1045 3286 1112 3367 ejus
1134 3290 1251 3368 reperti

198 3374 284 3460 [lob]
311 3389 398 3458 sunt,
427 3400 556 3462 quorum
584 3382 673 3446 alteri
700 3386 808 3465 pugio,
831 3386 919 3447 alteri
941 3386 1060 3466 gladius
1083 3404 1138 3466 pro
1160 3389 1250 3468 signo

120 3537 129 3556 x
197 3481 314 3539 nomini
329 3480 497 3562 adscriptus
513 3489 592 3544 erat:
620 3484 710 3545 ambo
725 3484 958 3566 lectissimorum
974 3487 1108 3548 virorum
1131 3489 1250 3549 utrius-

197 3597 259 3659 que
287 3579 402 3640 ordinis
428 3584 576 3643 senatorii
603 3591 635 3644 et
662 3586 813 3664 equestris
842 3587 965 3648 nomina
994 3593 1026 3649 et
1052 3593 1140 3650 notas
1167 3603 1249 3649 ecn-

197 3678 335 3740 tinebant
362 3681 451 3741 morti
482 3681 710 3746 destinatorum.
754 3684 881 3746 Inventa
909 3693 956 3747 est
982 3692 1014 3748 et
1039 3704 1110 3748 area
1138 3688 1249 3768 iugens

195 3781 349 3840 variorum
373 3798 561 3842 venenorum
585 3782 693 3861 pocula
716 3786 888 3862 continens,
912 3784 1024 3866 quibus
1045 3804 1127 3865 mox,
1151 3786 1248 3848 Clau-

197 3876 248 3934 dio
265 3877 396 3940 Caesare
413 3880 544 3960 jubente
567 3881 714 3941 demersis
736 3879 861 3959 inlecta,
885 3886 979 3946 maria
1001 3885 1165 3948 traduntur
1186 3903 1248 3948 non

197 3973 265 4032 sina
295 3993 405 4054 magno
429 3980 557 4055 piscium
588 3979 698 4054 exitio,
733 3995 810 4058 quos
844 3991 988 4047 enecatos
1022 4001 1077 4062 per
1109 3987 1249 4064 proxima
