2634 4434
647 310 719 380 ata
745 280 747 286 ‘

581 410 788 420 ψ

157 545 287 625 prariam
310 544 440 607 insulam
463 547 548 622 adiit,
569 547 654 610 unde
675 565 780 612 secum
803 551 924 608 sanctos
946 561 1054 606 servos
1069 543 1131 606 Dei
1153 544 1223 607 ali-

158 653 234 726 quot
256 652 408 725 permotos
430 647 574 727 precibus
595 651 661 712 suis
683 649 808 712 sumsit:
832 664 901 709 eum
924 644 989 723 his,
1012 645 1225 723 orationibus,

154 747 297 828 jejuniis,
328 747 450 826 psalmis
472 749 544 827 dics!
561 757 593 812 et
614 757 721 812 noctes
744 750 942 824 continuans,
965 748 1033 808 sine
1055 747 1139 808 bello
1161 747 1223 807 vi-

158 848 284 907 ctoriam
308 847 429 925 meruit,
452 867 488 909 ac
510 853 577 911 sine
601 851 696 911 caede
718 850 893 910 vindictam.
932 846 1057 908 Ardalio
1080 847 1223 910 fluminis

160 945 249 1021 [565]
274 963 385 1008 nomen
408 956 465 1025 est,
489 949 570 1029 quod
593 949 660 1012 liuit
680 953 761 1012 inter
775 949 954 1012 l'helrastem
972 955 1003 1008 et
1019 947 1221 1008 liletrideram

158 1048 312 1110 civitates:
337 1048 391 1110 ubi
413 1068 481 1111 cum
499 1069 588 1131 parva
606 1070 707 1130 manu,
724 1051 782 1113 hoc
797 1057 858 1112 est:
876 1067 944 1111 cum
962 1050 1100 1129 quinque
1117 1047 1220 1108 milli-

158 1146 217 1210 bus
239 1145 285 1227 (ut
305 1150 402 1230 ajunt)
432 1151 577 1227 militum,
605 1159 711 1214 contra
738 1154 931 1233 septuaginta
957 1150 1050 1242 millia
1081 1148 1220 1210 hostiurn

160 1255 257 1310 eastra
281 1257 425 1327 metatus,
448 1271 517 1313 cum
540 1255 700 1334 interjecta
725 1271 807 1314 mora
831 1251 983 1313 excedere
1006 1251 1089 1329 loco,
1113 1265 1219 1328 oppo-

160 1350 296 1429 sitasque
320 1352 520 1432 praejacentis
543 1354 631 1416 vallis
653 1355 810 1435 angustias
832 1351 1004 1432 transgredi
1025 1350 1137 1425 vellet,
1160 1349 1217 1410 in-

159 1456 353 1512 tercurrente
372 1460 474 1530 nocte,
497 1454 619 1516 beatum
635 1455 830 1518 Ambrosium
846 1454 1033 1532 episcopum,
1049 1449 1220 1512 Mediolani

159 1549 251 1628 paulo
272 1557 345 1613 ante
366 1551 561 1634 defunctum,
589 1575 645 1636 per
665 1557 816 1618 somnium
839 1555 898 1616 sibi
919 1553 1026 1614 videre
1048 1553 1134 1613 visus
1157 1557 1219 1627 est,

159 1649 382 1730 significantem
406 1672 497 1716 manu
519 1663 551 1718 et
573 1658 704 1736 impacto
726 1657 764 1719 ad
792 1657 916 1718 humum
944 1661 993 1715 tor
1021 1651 1132 1714 baculo
1161 1651 1217 1712 di·

159 1757 296 1812 centem:
319 1750 399 1832 Bao,
419 1753 485 1832 ltio,
506 1756 569 1822 tte.
608 1758 695 1832 Quod
719 1757 772 1820 ille
794 1757 936 1837 prudenti
959 1755 1137 1833 conjectura
1160 1752 1216 1812 in·

158 1849 279 1912 tellexit
307 1857 416 1917 merito
443 1858 640 1920 adnuntianis
669 1859 758 1920 iidem
786 1859 948 1933 victoriae,
979 1853 1075 1917 verbo
1102 1853 1217 1930 locum,

159 1966 289 2014 numero
319 1955 399 2016 diem
429 1958 603 2040 significari.
649 1959 792 2023 Substitit
821 1975 857 2019 ao
886 1957 977 2018 tertio
1007 1955 1128 2017 demum
1152 1953 1216 2030 die,

161 2058 230 2129 post
258 2061 380 2116 noctem
409 2059 598 2121 orationibus
625 2059 810 2139 hymnisque
837 2057 1034 2138 pervigilem,
1069 2055 1108 2116 ab
1142 2055 1217 2134 ipsis

75 2157 82 2171 '
163 2150 341 2216 caelestium
369 2167 628 2226 sacramentorum
657 2138 826 2239 musteriis,
860 2159 892 2219 in
925 2158 1042 2219 hostem
1076 2157 1217 2217 circum-

161 2248 263 2328 fusum
287 2259 451 2334 processit:
487 2267 613 2324 etcum
642 2261 681 2322 ad
711 2275 781 2336 eos,
810 2259 863 2340 qui
890 2259 978 2338 primi
1006 2263 1217 2332 occurrerant,

161 2352 209 2429 pia
241 2357 323 2433 pacis
349 2359 444 2422 verba
467 2362 613 2442 jactaret,
646 2360 828 2443 signiferum
857 2346 1018 2440 quemdam
1047 2357 1219 2419 insolenter

162 2451 361 2520 obsistentem
385 2466 416 2521 et
433 2459 619 2543 jamiamque
641 2480 775 2544 pugnam
798 2463 993 2540 excitantem,
1015 2458 1117 2541 gladio
1139 2473 1216 2536 per-

163 2555 259 2616 cussit
287 2558 319 2618 in
348 2559 488 2622 brachio:
523 2582 657 2644 eumque
687 2582 778 2626 manu
807 2562 955 2638 debilem,
989 2561 1055 2639 ipso
1087 2557 1220 2620 vulnere

164 2655 268 2734 coegit
290 2675 417 2736 pronum
441 2663 591 2726 inclinare
612 2664 768 2728 vexillum.
806 2665 875 2738 Quo
897 2663 974 2738 viso,
996 2661 1136 2739 reliquae
1158 2675 1216 2724 co·

163 2750 268 2817 hortes
291 2758 477 2824 deditionem
495 2765 558 2845 jam
581 2764 648 2828 fieri
670 2767 805 2846 priorum
829 2764 1056 2838 existimantem
1079 2761 1215 2822 certatim

165 2870 236 2918 seso
262 2859 300 2921 ad
328 2859 522 2926 llascezilem
555 2867 653 2946 signis
686 2857 839 2929 tradidere
872 2863 1038 2926 conversis.
1082 2860 1216 2934 Barbari,

166 2973 296 3035 quorum
320 2980 459 3042 magnam
482 2964 708 3026 multitudinem
732 2966 820 3028 Gildo
842 2964 878 3026 ad
903 2964 1014 3025 ltellum
1038 2961 1217 3038 deduxerat,

155 3051 253 3145 1566]
276 3058 400 3123 deiectu
423 3063 552 3126 militum
575 3065 713 3128 destituti
729 3066 767 3127 in
790 3065 910 3128 diversa
933 3064 1088 3146 sugerunt.
1131 3059 1217 3123 Gildo

166 3164 198 3220 et
219 3160 286 3239 ipse
308 3159 411 3244 lugam
434 3165 557 3229 molitus
578 3174 698 3246 arrepta
721 3167 802 3243 nari,
825 3173 859 3227 ut
881 3168 912 3228 in
935 3165 1029 3226 altum
1045 3169 1218 3243 provectus,

165 3277 203 3321 ac
224 3260 337 3324 deinde
358 3273 521 3328 revocatus
546 3268 580 3329 in
603 3267 753 3344 Africam,
782 3273 849 3346 post
876 3267 992 3346 aliquot
1021 3265 1087 3328 dies
1114 3270 1216 3326 stran-

166 3361 289 3442 gulatus
311 3365 435 3429 interiit.
481 3367 727 3452 Periclitarernur
748 3367 805 3430 snb
829 3373 980 3430 tantorum
1004 3364 1217 3426 miraculorum

167 3464 277 3541 relatu,
300 3474 471 3544 praesumta
494 3469 662 3531 mentiendi
684 3469 883 3548 impudentia,
910 3468 971 3530 nisi
992 3457 1092 3528 adlruo
1112 3481 1217 3526 vocem

167 3571 301 3628 nostram
330 3569 519 3630 conscientia
551 3586 675 3648 eorum,
709 3571 762 3650 qui
784 3569 971 3646 interfuere,
998 3571 1218 3648 praecurreret.

167 3667 277 3729 Nullae
298 3675 432 3750 aguntur
454 3671 594 3748 insidiae,
617 3671 700 3733 nulla
724 3672 888 3751 corruptio,
911 3669 1105 3750 septuaginta
1128 3667 1219 3730 millia

167 3771 300 3834 hostium
321 3771 488 3833 uincuntur
508 3789 607 3852 paene
628 3772 696 3833 sine
719 3785 834 3852 pugna:
857 3769 936 3852 sugit
956 3770 1057 3830 victus
1079 3767 1117 3830 ad
1139 3775 1217 3829 tem·

168 3889 236 3952 pus,
259 3891 300 3934 ne
322 3871 389 3950 pius
411 3872 522 3934 audeat
542 3872 641 3934 victor
661 3871 765 3934 iratus.
802 3870 1035 3952 transportatur
1058 3871 1089 3930 in
1113 3869 1218 3931 diver-

170 3988 236 4032 sum
260 3972 371 4046 locum,
394 3977 429 4031 ut
450 3972 567 4033 nesciat
588 3969 683 4035 irater
705 3971 814 4050 occidi,
839 3989 900 4052 quo
922 3971 1101 4034 vindicatur
1117 3971 1218 4034 occiso
