<?xml version="1.0" encoding="UTF-8"?>
<!DOCTYPE html PUBLIC "-//W3C//DTD XHTML 1.0 Transitional//EN"
    "http://www.w3.org/TR/xhtml1/DTD/xhtml1-transitional.dtd">
<html xmlns="http://www.w3.org/1999/xhtml" xml:lang="en" lang="en">
 <head>
  <title>
</title>
<meta http-equiv="Content-Type" content="text/html;charset=utf-8" />
  <meta name='ocr-system' content='tesseract 3.04.00' />
  <meta name='ocr-capabilities' content='ocr_page ocr_carea ocr_par ocr_line ocrx_word'/>
</head>
<body>
  <div class='ocr_page' id='page_1' title='image "./pauliorosiipres00havegoog_0268.png"; bbox 0 0 2634 4434; ppageno 0'>
   <div class='ocr_carea' id='block_1_1' title="bbox 546 330 620 400">
    <p class='ocr_par' dir='ltr' id='par_1_1' title="bbox 546 330 620 400">
     <span class='ocr_line' id='line_1_1' title="bbox 546 330 620 400; baseline 0 0"><span class='ocrx_word' id='word_1_1' title='bbox 546 330 620 400; x_wconf 76' lang='lat'><strong>265</strong></span> 
     </span>
    </p>
   </div>
   <div class='ocr_carea' id='block_1_2' title="bbox 482 429 685 441">
    <p class='ocr_par' dir='ltr' id='par_1_2' title="bbox 482 429 685 441">
     <span class='ocr_line' id='line_1_2' title="bbox 482 429 685 441; baseline 0.005 -1"><span class='ocrx_word' id='word_1_2' title='bbox 482 429 685 441; x_wconf 49' lang='grc' dir='ltr'><strong>ψ-</strong></span> 
     </span>
    </p>
   </div>
   <div class='ocr_carea' id='block_1_3' title="bbox 48 563 1113 3347">
    <p class='ocr_par' dir='ltr' id='par_1_3' title="bbox 48 563 1113 3347">
     <span class='ocr_line' id='line_1_3' title="bbox 56 563 1106 646; baseline 0.006 -22"><span class='ocrx_word' id='word_1_3' title='bbox 56 571 147 626; x_wconf 89' lang='lat' dir='ltr'><strong>antea</strong></span> <span class='ocrx_word' id='word_1_4' title='bbox 173 581 208 626; x_wconf 90' lang='lat' dir='ltr'><strong>so</strong></span> <span class='ocrx_word' id='word_1_5' title='bbox 234 570 350 644; x_wconf 88' lang='lat' dir='ltr'><strong>partem</strong></span> <span class='ocrx_word' id='word_1_6' title='bbox 377 564 532 627; x_wconf 76' lang='lat' dir='ltr'><strong>felicitatis</strong></span> <span class='ocrx_word' id='word_1_7' title='bbox 559 563 720 642; x_wconf 89' lang='lat' dir='ltr'><strong>habuisse,</strong></span> <span class='ocrx_word' id='word_1_8' title='bbox 749 567 837 646; x_wconf 87' lang='lat' dir='ltr'><strong>cujus</strong></span> <span class='ocrx_word' id='word_1_9' title='bbox 865 565 1021 645; x_wconf 75' lang='lat' dir='ltr'><strong>agnitione</strong></span> <span class='ocrx_word' id='word_1_10' title='bbox 1048 586 1106 632; x_wconf 91' lang='lat' dir='ltr'><strong>su-</strong></span> 
     </span>
     <span class='ocr_line' id='line_1_4' title="bbox 54 653 1106 747; baseline 0.004 -23"><span class='ocrx_word' id='word_1_11' title='bbox 54 671 176 744; x_wconf 81' lang='lat' dir='ltr'><strong>scepta,</strong></span> <span class='ocrx_word' id='word_1_12' title='bbox 210 664 384 744; x_wconf 90' lang='lat' dir='ltr'><strong>plenissima</strong></span> <span class='ocrx_word' id='word_1_13' title='bbox 417 653 564 726; x_wconf 87' lang='lat' dir='ltr'><strong>felicitate</strong></span> <span class='ocrx_word' id='word_1_14' title='bbox 597 663 781 747; x_wconf 80' lang='lat' dir='ltr'><strong>perfruitur,</strong></span> <span class='ocrx_word' id='word_1_15' title='bbox 809 667 840 727; x_wconf 91' lang='lat' dir='ltr'><strong>in</strong></span> <span class='ocrx_word' id='word_1_16' title='bbox 869 672 1016 744; x_wconf 86' lang='lat' dir='ltr'><strong>quantum</strong></span> <span class='ocrx_word' id='word_1_17' title='bbox 1046 685 1106 728; x_wconf 93' lang='lat' dir='ltr'><strong>non</strong></span> 
     </span>
     <span class='ocr_line' id='line_1_5' title="bbox 55 763 1108 846; baseline 0.003 -22"><span class='ocrx_word' id='word_1_18' title='bbox 55 769 158 826; x_wconf 89' lang='lat' dir='ltr'><strong>tamen</strong></span> <span class='ocrx_word' id='word_1_19' title='bbox 174 763 427 843; x_wconf 87' lang='lat' dir='ltr'><strong>blasphemiarum</strong></span> <span class='ocrx_word' id='word_1_20' title='bbox 448 763 643 827; x_wconf 83' lang='lat' dir='ltr'><strong>offendiculis</strong></span> <span class='ocrx_word' id='word_1_21' title='bbox 665 765 857 846; x_wconf 89' lang='lat' dir='ltr'><strong>depravatur.</strong></span> <span class='ocrx_word' id='word_1_22' title='bbox 890 763 1006 828; x_wconf 88' lang='lat' dir='ltr'><strong>Eodem</strong></span> <span class='ocrx_word' id='word_1_23' title='bbox 1028 783 1108 827; x_wconf 91' lang='lat' dir='ltr'><strong>anno</strong></span> 
     </span>
     <span class='ocr_line' id='line_1_6' title="bbox 54 863 1109 947; baseline 0.002 -23"><span class='ocrx_word' id='word_1_24' title='bbox 54 863 177 944; x_wconf 87' lang='lat' dir='ltr'><strong>imperii</strong></span> <span class='ocrx_word' id='word_1_25' title='bbox 199 864 266 943; x_wconf 91' lang='lat' dir='ltr'><strong>ejus</strong></span> <span class='ocrx_word' id='word_1_26' title='bbox 288 863 385 926; x_wconf 77' lang='lat' dir='ltr'><strong>fantes</strong></span> <span class='ocrx_word' id='word_1_27' title='bbox 406 867 585 946; x_wconf 85' lang='lat' dir='ltr'><strong>gravissima</strong></span> <span class='ocrx_word' id='word_1_28' title='bbox 607 883 663 946; x_wconf 90' lang='lat' dir='ltr'><strong>per</strong></span> <span class='ocrx_word' id='word_1_29' title='bbox 685 865 802 947; x_wconf 83' lang='lat' dir='ltr'><strong>Syriam</strong></span> <span class='ocrx_word' id='word_1_30' title='bbox 826 865 906 928; x_wconf 90' lang='lat' dir='ltr'><strong>facta</strong></span> <span class='ocrx_word' id='word_1_31' title='bbox 929 873 991 944; x_wconf 92' lang='lat' dir='ltr'><strong>est,</strong></span> <span class='ocrx_word' id='word_1_32' title='bbox 1018 883 1109 945; x_wconf 88' lang='lat' dir='ltr'><strong>quam</strong></span> 
     </span>
     <span class='ocr_line' id='line_1_7' title="bbox 54 965 1109 1045; baseline 0.003 -21"><span class='ocrx_word' id='word_1_33' title='bbox 54 965 147 1024; x_wconf 86' lang='lat' dir='ltr'><strong>etiarn</strong></span> <span class='ocrx_word' id='word_1_34' title='bbox 171 965 337 1045; x_wconf 88' lang='lat' dir='ltr'><strong>prophetae</strong></span> <span class='ocrx_word' id='word_1_35' title='bbox 362 967 668 1045; x_wconf 82' lang='lat' dir='ltr'><strong>praenuntiaverant:</strong></span> <span class='ocrx_word' id='word_1_36' title='bbox 697 967 752 1028; x_wconf 87' lang='lat' dir='ltr'><strong>sed</strong></span> <span class='ocrx_word' id='word_1_37' title='bbox 780 966 1019 1028; x_wconf 85' lang='lat' dir='ltr'><strong>Christianorum</strong></span> <span class='ocrx_word' id='word_1_38' title='bbox 1046 983 1109 1027; x_wconf 86' lang='lat' dir='ltr'><strong>ne-</strong></span> 
     </span>
     <span class='ocr_line' id='line_1_8' title="bbox 53 1064 1108 1148; baseline 0.002 -25"><span class='ocrx_word' id='word_1_39' title='bbox 53 1064 251 1126; x_wconf 88' lang='lat' dir='ltr'><strong>cessitatibus</strong></span> <span class='ocrx_word' id='word_1_40' title='bbox 272 1066 352 1145; x_wconf 91' lang='lat' dir='ltr'><strong>apud</strong></span> <span class='ocrx_word' id='word_1_41' title='bbox 374 1066 626 1144; x_wconf 89' lang='lat' dir='ltr'><strong>Hierosolymam,</strong></span> <span class='ocrx_word' id='word_1_42' title='bbox 649 1067 807 1127; x_wconf 88' lang='lat' dir='ltr'><strong>convectis</strong></span> <span class='ocrx_word' id='word_1_43' title='bbox 827 1066 864 1127; x_wconf 90' lang='lat' dir='ltr'><strong>ab</strong></span> <span class='ocrx_word' id='word_1_44' title='bbox 880 1065 1022 1148; x_wconf 80' lang='lat' dir='ltr'><strong>Aegypto</strong></span> <span class='ocrx_word' id='word_1_45' title='bbox 1038 1064 1108 1126; x_wconf 90' lang='lat' dir='ltr'><strong>fru-</strong></span> 
     </span>
     <span class='ocr_line' id='line_1_9' title="bbox 52 1163 1109 1246; baseline 0.003 -23"><span class='ocrx_word' id='word_1_46' title='bbox 52 1165 185 1243; x_wconf 84' lang='lat' dir='ltr'><strong>mentis,</strong></span> <span class='ocrx_word' id='word_1_47' title='bbox 213 1163 347 1240; x_wconf 89' lang='lat' dir='ltr'><strong>Helena,</strong></span> <span class='ocrx_word' id='word_1_48' title='bbox 376 1164 605 1227; x_wconf 86' lang='lat' dir='ltr'><strong>Adiabenorum</strong></span> <span class='ocrx_word' id='word_1_49' title='bbox 632 1166 741 1246; x_wconf 91' lang='lat' dir='ltr'><strong>regina</strong></span> <span class='ocrx_word' id='word_1_50' title='bbox 774 1182 923 1227; x_wconf 83' lang='lat' dir='ltr'><strong>conversa</strong></span> <span class='ocrx_word' id='word_1_51' title='bbox 955 1167 991 1227; x_wconf 93' lang='lat' dir='ltr'><strong>ad</strong></span> <span class='ocrx_word' id='word_1_52' title='bbox 1019 1165 1109 1226; x_wconf 84' lang='lat' dir='ltr'><strong>[idern</strong></span> 
     </span>
     <span class='ocr_line' id='line_1_10' title="bbox 53 1262 1109 1347; baseline -0.002 -19"><span class='ocrx_word' id='word_1_53' title='bbox 53 1262 187 1339; x_wconf 84' lang='lat' dir='ltr'><strong>Christi,</strong></span> <span class='ocrx_word' id='word_1_54' title='bbox 209 1264 381 1346; x_wconf 86' lang='lat' dir='ltr'><strong>largissime</strong></span> <span class='ocrx_word' id='word_1_55' title='bbox 403 1264 594 1334; x_wconf 78' lang='lat' dir='ltr'><strong>ministravit.</strong></span> <span class='ocrx_word' id='word_1_56' title='bbox 636 1264 730 1326; x_wconf 83' lang='lat' dir='ltr'><strong>Anno</strong></span> <span class='ocrx_word' id='word_1_57' title='bbox 758 1266 879 1347; x_wconf 90' lang='lat' dir='ltr'><strong>imperii</strong></span> <span class='ocrx_word' id='word_1_58' title='bbox 908 1267 975 1347; x_wconf 90' lang='lat' dir='ltr'><strong>ejus</strong></span> <span class='ocrx_word' id='word_1_59' title='bbox 1002 1267 1109 1345; x_wconf 89' lang='lat' dir='ltr'><strong>quinto</strong></span> 
     </span>
     <span class='ocr_line' id='line_1_11' title="bbox 51 1363 1108 1446; baseline 0.003 -23"><span class='ocrx_word' id='word_1_60' title='bbox 51 1363 138 1424; x_wconf 89' lang='lat' dir='ltr'><strong>inter</strong></span> <span class='ocrx_word' id='word_1_61' title='bbox 152 1364 281 1425; x_wconf 85' lang='lat' dir='ltr'><strong>Theram</strong></span> <span class='ocrx_word' id='word_1_62' title='bbox 302 1369 333 1424; x_wconf 91' lang='lat' dir='ltr'><strong>et</strong></span> <span class='ocrx_word' id='word_1_63' title='bbox 347 1363 520 1426; x_wconf 84' lang='lat' dir='ltr'><strong>Therasiam</strong></span> <span class='ocrx_word' id='word_1_64' title='bbox 543 1365 643 1427; x_wconf 90' lang='lat' dir='ltr'><strong>insula</strong></span> <span class='ocrx_word' id='word_1_65' title='bbox 666 1366 704 1428; x_wconf 89' lang='lat' dir='ltr'><strong>de</strong></span> <span class='ocrx_word' id='word_1_66' title='bbox 726 1365 878 1446; x_wconf 91' lang='lat' dir='ltr'><strong>profundo</strong></span> <span class='ocrx_word' id='word_1_67' title='bbox 900 1367 1026 1428; x_wconf 89' lang='lat' dir='ltr'><strong>emicuit</strong></span> <span class='ocrx_word' id='word_1_68' title='bbox 1048 1366 1108 1426; x_wconf 91' lang='lat' dir='ltr'><strong>tri-</strong></span> 
     </span>
     <span class='ocr_line' id='line_1_12' title="bbox 48 1463 1109 1549; baseline 0.006 -28"><span class='ocrx_word' id='word_1_69' title='bbox 48 1463 143 1542; x_wconf 84' lang='lat' dir='ltr'><strong>ginta</strong></span> <span class='ocrx_word' id='word_1_70' title='bbox 170 1463 334 1525; x_wconf 89' lang='lat' dir='ltr'><strong>stadiorum</strong></span> <span class='ocrx_word' id='word_1_71' title='bbox 361 1466 459 1544; x_wconf 88' lang='lat' dir='ltr'><strong>spatio</strong></span> <span class='ocrx_word' id='word_1_72' title='bbox 486 1471 618 1528; x_wconf 86' lang='lat' dir='ltr'><strong>extenta.</strong></span> <span class='ocrx_word' id='word_1_73' title='bbox 663 1466 754 1529; x_wconf 82' lang='lat' dir='ltr'><strong>Anno</strong></span> <span class='ocrx_word' id='word_1_74' title='bbox 786 1469 853 1549; x_wconf 89' lang='lat' dir='ltr'><strong>ejus</strong></span> <span class='ocrx_word' id='word_1_75' title='bbox 887 1468 1017 1547; x_wconf 90' lang='lat' dir='ltr'><strong>septimo</strong></span> <span class='ocrx_word' id='word_1_76' title='bbox 1051 1466 1109 1527; x_wconf 87' lang='lat' dir='ltr'><strong>suh</strong></span> 
     </span>
     <span class='ocr_line' id='line_1_13' title="bbox 49 1563 1109 1649; baseline 0.005 -28"><span class='ocrx_word' id='word_1_77' title='bbox 49 1569 256 1642; x_wconf 82' lang='lat' dir='ltr'><strong>procuratore</strong></span> <span class='ocrx_word' id='word_1_78' title='bbox 277 1563 412 1626; x_wconf 79' lang='lat' dir='ltr'><strong>iudaeae</strong></span> <span class='ocrx_word' id='word_1_79' title='bbox 435 1564 571 1626; x_wconf 88' lang='lat' dir='ltr'><strong>Cumano</strong></span> <span class='ocrx_word' id='word_1_80' title='bbox 592 1567 624 1627; x_wconf 91' lang='lat' dir='ltr'><strong>in</strong></span> <span class='ocrx_word' id='word_1_81' title='bbox 646 1565 866 1649; x_wconf 79' lang='lat' dir='ltr'><strong>Hierosolymis</strong></span> <span class='ocrx_word' id='word_1_82' title='bbox 889 1574 971 1630; x_wconf 91' lang='lat' dir='ltr'><strong>tanta</strong></span> <span class='ocrx_word' id='word_1_83' title='bbox 998 1566 1109 1628; x_wconf 89' lang='lat' dir='ltr'><strong>seditio</strong></span> 
     </span>
     <span class='ocr_line' id='line_1_14' title="bbox 52 1661 1108 1746; baseline 0.005 -25"><span class='ocrx_word' id='word_1_84' title='bbox 52 1663 85 1721; x_wconf 93' lang='lat' dir='ltr'><strong>in</strong></span> <span class='ocrx_word' id='word_1_85' title='bbox 110 1661 223 1724; x_wconf 89' lang='lat' dir='ltr'><strong>diebus</strong></span> <span class='ocrx_word' id='word_1_86' title='bbox 244 1681 421 1744; x_wconf 80' lang='lat' dir='ltr'><strong>azymorum</strong></span> <span class='ocrx_word' id='word_1_87' title='bbox 444 1672 551 1726; x_wconf 86' lang='lat' dir='ltr'><strong>exorta</strong></span> <span class='ocrx_word' id='word_1_88' title='bbox 573 1673 630 1744; x_wconf 90' lang='lat' dir='ltr'><strong>est,</strong></span> <span class='ocrx_word' id='word_1_89' title='bbox 653 1673 687 1726; x_wconf 89' lang='lat' dir='ltr'><strong>ut</strong></span> <span class='ocrx_word' id='word_1_90' title='bbox 708 1669 741 1727; x_wconf 91' lang='lat' dir='ltr'><strong>in</strong></span> <span class='ocrx_word' id='word_1_91' title='bbox 761 1673 916 1746; x_wconf 91' lang='lat' dir='ltr'><strong>portarum</strong></span> <span class='ocrx_word' id='word_1_92' title='bbox 940 1667 1026 1727; x_wconf 89' lang='lat' dir='ltr'><strong>exitu</strong></span> <span class='ocrx_word' id='word_1_93' title='bbox 1048 1681 1108 1745; x_wconf 91' lang='lat' dir='ltr'><strong>po-</strong></span> 
     </span>
     <span class='ocr_line' id='line_1_15' title="bbox 52 1761 1111 1845; baseline 0.001 -21"><span class='ocrx_word' id='word_1_94' title='bbox 52 1761 129 1842; x_wconf 86' lang='lat' dir='ltr'><strong>pulo</strong></span> <span class='ocrx_word' id='word_1_95' title='bbox 152 1768 298 1840; x_wconf 88' lang='lat' dir='ltr'><strong>coartato,</strong></span> <span class='ocrx_word' id='word_1_96' title='bbox 321 1764 445 1844; x_wconf 88' lang='lat' dir='ltr'><strong>triginta</strong></span> <span class='ocrx_word' id='word_1_97' title='bbox 468 1763 562 1826; x_wconf 90' lang='lat' dir='ltr'><strong>millia</strong></span> <span class='ocrx_word' id='word_1_98' title='bbox 583 1764 769 1828; x_wconf 83' lang='lat' dir='ltr'><strong>ludaeorum</strong></span> <span class='ocrx_word' id='word_1_99' title='bbox 793 1766 888 1828; x_wconf 89' lang='lat' dir='ltr'><strong>caede</strong></span> <span class='ocrx_word' id='word_1_100' title='bbox 909 1771 1058 1845; x_wconf 87' lang='lat' dir='ltr'><strong>prostrata</strong></span> <span class='ocrx_word' id='word_1_101' title='bbox 1080 1771 1111 1826; x_wconf 92' lang='lat' dir='ltr'><strong>et</strong></span> 
     </span>
     <span class='ocr_line' id='line_1_16' title="bbox 53 1863 1108 1946; baseline 0.001 -22"><span class='ocrx_word' id='word_1_102' title='bbox 53 1865 286 1942; x_wconf 85' lang='lat' dir='ltr'><strong>compressione</strong></span> <span class='ocrx_word' id='word_1_103' title='bbox 313 1864 461 1927; x_wconf 84' lang='lat' dir='ltr'><strong>suffocata</strong></span> <span class='ocrx_word' id='word_1_104' title='bbox 492 1863 675 1928; x_wconf 91' lang='lat' dir='ltr'><strong>referantur.</strong></span> <span class='ocrx_word' id='word_1_105' title='bbox 730 1863 821 1928; x_wconf 84' lang='lat' dir='ltr'><strong>Anno</strong></span> <span class='ocrx_word' id='word_1_106' title='bbox 855 1867 991 1946; x_wconf 88' lang='lat' dir='ltr'><strong>ejusdem</strong></span> <span class='ocrx_word' id='word_1_107' title='bbox 1024 1881 1108 1926; x_wconf 90' lang='lat' dir='ltr'><strong>nono</strong></span> 
     </span>
     <span class='ocr_line' id='line_1_17' title="bbox 53 1962 1110 2047; baseline 0.003 -24"><span class='ocrx_word' id='word_1_108' title='bbox 53 1962 201 2043; x_wconf 88' lang='lat' dir='ltr'><strong>expulsos</strong></span> <span class='ocrx_word' id='word_1_109' title='bbox 224 1983 280 2044; x_wconf 90' lang='lat' dir='ltr'><strong>per</strong></span> <span class='ocrx_word' id='word_1_110' title='bbox 299 1965 460 2027; x_wconf 82' lang='lat' dir='ltr'><strong>Claudium</strong></span> <span class='ocrx_word' id='word_1_111' title='bbox 481 1965 562 2028; x_wconf 92' lang='lat' dir='ltr'><strong>Urbe</strong></span> <span class='ocrx_word' id='word_1_112' title='bbox 583 1965 718 2028; x_wconf 85' lang='lat' dir='ltr'><strong>ludaeos</strong></span> <span class='ocrx_word' id='word_1_113' title='bbox 739 1965 891 2047; x_wconf 91' lang='lat' dir='ltr'><strong>Josephus</strong></span> <span class='ocrx_word' id='word_1_114' title='bbox 912 1965 1023 2028; x_wconf 89' lang='lat' dir='ltr'><strong>refert:</strong></span> <span class='ocrx_word' id='word_1_115' title='bbox 1048 1965 1110 2028; x_wconf 88' lang='lat' dir='ltr'><strong>Sed</strong></span> 
     </span>
     <span class='ocr_line' id='line_1_18' title="bbox 54 2063 1111 2146; baseline 0.005 -23"><span class='ocrx_word' id='word_1_116' title='bbox 54 2081 105 2124; x_wconf 89' lang='lat' dir='ltr'><strong>me</strong></span> <span class='ocrx_word' id='word_1_117' title='bbox 130 2066 226 2146; x_wconf 88' lang='lat' dir='ltr'><strong>magis</strong></span> <span class='ocrx_word' id='word_1_118' title='bbox 249 2064 415 2128; x_wconf 88' lang='lat' dir='ltr'><strong>Suetonius</strong></span> <span class='ocrx_word' id='word_1_119' title='bbox 437 2074 555 2143; x_wconf 88' lang='lat' dir='ltr'><strong>movet,</strong></span> <span class='ocrx_word' id='word_1_120' title='bbox 583 2067 637 2146; x_wconf 89' lang='lat' dir='ltr'><strong>qui</strong></span> <span class='ocrx_word' id='word_1_121' title='bbox 658 2068 702 2128; x_wconf 91' lang='lat' dir='ltr'><strong>ait</strong></span> <span class='ocrx_word' id='word_1_122' title='bbox 722 2065 781 2128; x_wconf 90' lang='lat' dir='ltr'><strong>hoc</strong></span> <span class='ocrx_word' id='word_1_123' title='bbox 803 2068 907 2130; x_wconf 91' lang='lat' dir='ltr'><strong>modo:</strong></span> <span class='ocrx_word' id='word_1_124' title='bbox 942 2063 1111 2131; x_wconf 73' lang='lat' dir='ltr'><strong>Claudim</strong></span> 
     </span>
     <span class='ocr_line' id='line_1_19' title="bbox 54 2159 1111 2248; baseline 0.005 -24"><span class='ocrx_word' id='word_1_125' title='bbox 54 2159 1111 2248; x_wconf 72' lang='lat' dir='ltr'><strong>Jndoeoa‚impulaore0hriatoadsidueturnulloaniea,fiomo</strong></span> 
     </span>
     <span class='ocr_line' id='line_1_20' title="bbox 54 2264 1110 2347; baseline -0.002 -20"><span class='ocrx_word' id='word_1_126' title='bbox 54 2264 209 2347; x_wconf 62' lang='lat' dir='ltr'><strong>expulit,</strong></span> <span class='ocrx_word' id='word_1_127' title='bbox 231 2267 323 2346; x_wconf 91' lang='lat' dir='ltr'><strong>quod,</strong></span> <span class='ocrx_word' id='word_1_128' title='bbox 340 2271 441 2326; x_wconf 88' lang='lat' dir='ltr'><strong>utrum</strong></span> <span class='ocrx_word' id='word_1_129' title='bbox 457 2271 562 2325; x_wconf 91' lang='lat' dir='ltr'><strong>contra</strong></span> <span class='ocrx_word' id='word_1_130' title='bbox 575 2265 726 2326; x_wconf 80' lang='lat' dir='ltr'><strong>Christum</strong></span> <span class='ocrx_word' id='word_1_131' title='bbox 743 2266 963 2327; x_wconf 86' lang='lat' dir='ltr'><strong>tumultuantes</strong></span> <span class='ocrx_word' id='word_1_132' title='bbox 976 2265 1110 2326; x_wconf 86' lang='lat' dir='ltr'><strong>ludaeos</strong></span> 
     </span>
     <span class='ocr_line' id='line_1_21' title="bbox 54 2363 1110 2442; baseline 0 -16"><span class='ocrx_word' id='word_1_133' title='bbox 54 2367 197 2427; x_wconf 72' lang='lat' dir='ltr'><strong>coerceri</strong></span> <span class='ocrx_word' id='word_1_134' title='bbox 219 2373 250 2428; x_wconf 91' lang='lat' dir='ltr'><strong>et</strong></span> <span class='ocrx_word' id='word_1_135' title='bbox 272 2363 431 2442; x_wconf 89' lang='lat' dir='ltr'><strong>comprimi</strong></span> <span class='ocrx_word' id='word_1_136' title='bbox 451 2364 592 2441; x_wconf 86' lang='lat' dir='ltr'><strong>jusserit,</strong></span> <span class='ocrx_word' id='word_1_137' title='bbox 619 2383 657 2426; x_wconf 93' lang='lat' dir='ltr'><strong>an</strong></span> <span class='ocrx_word' id='word_1_138' title='bbox 686 2366 790 2426; x_wconf 59' lang='lat' dir='ltr'><strong>etiarn*</strong></span> <span class='ocrx_word' id='word_1_139' title='bbox 806 2365 992 2427; x_wconf 83' lang='lat' dir='ltr'><strong>Christianos</strong></span> <span class='ocrx_word' id='word_1_140' title='bbox 1020 2365 1110 2427; x_wconf 89' lang='lat' dir='ltr'><strong>simul</strong></span> 
     </span>
     <span class='ocr_line' id='line_1_22' title="bbox 52 2462 1109 2544; baseline -0.001 -16"><span class='ocrx_word' id='word_1_141' title='bbox 52 2466 143 2528; x_wconf 85' lang='lat' dir='ltr'><strong>velut</strong></span> <span class='ocrx_word' id='word_1_142' title='bbox 165 2471 314 2544; x_wconf 84' lang='lat' dir='ltr'><strong>cognatae</strong></span> <span class='ocrx_word' id='word_1_143' title='bbox 336 2462 496 2542; x_wconf 87' lang='lat' dir='ltr'><strong>religionis</strong></span> <span class='ocrx_word' id='word_1_144' title='bbox 518 2462 657 2524; x_wconf 91' lang='lat' dir='ltr'><strong>homines</strong></span> <span class='ocrx_word' id='word_1_145' title='bbox 679 2462 813 2527; x_wconf 89' lang='lat' dir='ltr'><strong>voluerit</strong></span> <span class='ocrx_word' id='word_1_146' title='bbox 835 2464 963 2544; x_wconf 87' lang='lat' dir='ltr'><strong>expelli,</strong></span> <span class='ocrx_word' id='word_1_147' title='bbox 986 2483 1109 2543; x_wconf 88' lang='lat' dir='ltr'><strong>nequa-</strong></span> 
     </span>
     <span class='ocr_line' id='line_1_23' title="bbox 54 2555 1111 2645; baseline -0.001 -19"><span class='ocrx_word' id='word_1_148' title='bbox 54 2584 149 2645; x_wconf 87' lang='lat' dir='ltr'><strong>quam</strong></span> <span class='ocrx_word' id='word_1_149' title='bbox 172 2563 365 2625; x_wconf 88' lang='lat' dir='ltr'><strong>discernitur.</strong></span> <span class='ocrx_word' id='word_1_150' title='bbox 402 2555 620 2621; x_wconf 84' lang='lat' dir='ltr'><strong>Verumtamen</strong></span> <span class='ocrx_word' id='word_1_151' title='bbox 641 2564 784 2642; x_wconf 83' lang='lat' dir='ltr'><strong>sequenti</strong></span> <span class='ocrx_word' id='word_1_152' title='bbox 806 2581 886 2625; x_wconf 88' lang='lat' dir='ltr'><strong>anno</strong></span> <span class='ocrx_word' id='word_1_153' title='bbox 910 2570 991 2626; x_wconf 87' lang='lat' dir='ltr'><strong>tanta</strong></span> <span class='ocrx_word' id='word_1_154' title='bbox 1014 2564 1111 2625; x_wconf 88' lang='lat' dir='ltr'><strong>fames</strong></span> 
     </span>
     <span class='ocr_line' id='line_1_24' title="bbox 52 2652 1111 2745; baseline 0.001 -19"><span class='ocrx_word' id='word_1_155' title='bbox 52 2666 172 2726; x_wconf 89' lang='lat' dir='ltr'><strong>Rornae</strong></span> <span class='ocrx_word' id='word_1_156' title='bbox 199 2660 272 2741; x_wconf 89' lang='lat' dir='ltr'><strong>fuit,</strong></span> <span class='ocrx_word' id='word_1_157' title='bbox 301 2669 335 2725; x_wconf 94' lang='lat' dir='ltr'><strong>ut</strong></span> <span class='ocrx_word' id='word_1_158' title='bbox 362 2661 462 2722; x_wconf 91' lang='lat' dir='ltr'><strong>medio</strong></span> <span class='ocrx_word' id='word_1_159' title='bbox 484 2659 552 2722; x_wconf 90' lang='lat' dir='ltr'><strong>foro</strong></span> <span class='ocrx_word' id='word_1_160' title='bbox 574 2659 741 2740; x_wconf 88' lang='lat' dir='ltr'><strong>imperator</strong></span> <span class='ocrx_word' id='word_1_161' title='bbox 762 2652 937 2744; x_wconf 84' lang='lat' dir='ltr'><strong>correptus,</strong></span> <span class='ocrx_word' id='word_1_162' title='bbox 960 2684 976 2726; x_wconf 89' lang='lat' dir='ltr'><strong>a</strong></span> <span class='ocrx_word' id='word_1_163' title='bbox 998 2663 1111 2745; x_wconf 88' lang='lat' dir='ltr'><strong>populo</strong></span> 
     </span>
     <span class='ocr_line' id='line_1_25' title="bbox 56 2761 1111 2846; baseline -0.001 -19"><span class='ocrx_word' id='word_1_164' title='bbox 56 2765 208 2828; x_wconf 88' lang='lat' dir='ltr'><strong>conviciis</strong></span> <span class='ocrx_word' id='word_1_165' title='bbox 231 2770 263 2825; x_wconf 88' lang='lat' dir='ltr'><strong>et</strong></span> <span class='ocrx_word' id='word_1_166' title='bbox 283 2761 485 2843; x_wconf 88' lang='lat' dir='ltr'><strong>fragminibus</strong></span> <span class='ocrx_word' id='word_1_167' title='bbox 511 2762 596 2841; x_wconf 87' lang='lat' dir='ltr'><strong>panis</strong></span> <span class='ocrx_word' id='word_1_168' title='bbox 620 2764 794 2842; x_wconf 89' lang='lat' dir='ltr'><strong>turpissime</strong></span> <span class='ocrx_word' id='word_1_169' title='bbox 822 2764 994 2841; x_wconf 88' lang='lat' dir='ltr'><strong>infestatus,</strong></span> <span class='ocrx_word' id='word_1_170' title='bbox 1024 2761 1111 2846; x_wconf 81' lang='lat' dir='ltr'><strong>[tro]</strong></span> 
     </span>
     <span class='ocr_line' id='line_1_26' title="bbox 57 2860 1111 2948; baseline -0.006 -19"><span class='ocrx_word' id='word_1_171' title='bbox 57 2884 152 2948; x_wconf 86' lang='lat' dir='ltr'><strong>aegre</strong></span> <span class='ocrx_word' id='word_1_172' title='bbox 186 2883 242 2944; x_wconf 88' lang='lat' dir='ltr'><strong>per</strong></span> <span class='ocrx_word' id='word_1_173' title='bbox 273 2860 512 2943; x_wconf 89' lang='lat' dir='ltr'><strong>pseudothyrum</strong></span> <span class='ocrx_word' id='word_1_174' title='bbox 543 2863 579 2929; x_wconf 91' lang='lat' dir='ltr'><strong>in</strong></span> <span class='ocrx_word' id='word_1_175' title='bbox 607 2863 751 2942; x_wconf 89' lang='lat' dir='ltr'><strong>palatium</strong></span> <span class='ocrx_word' id='word_1_176' title='bbox 784 2864 944 2946; x_wconf 89' lang='lat' dir='ltr'><strong>refugiens</strong></span> <span class='ocrx_word' id='word_1_177' title='bbox 976 2864 1111 2926; x_wconf 88' lang='lat' dir='ltr'><strong>furorem</strong></span> 
     </span>
     <span class='ocr_line' id='line_1_27' title="bbox 59 2963 1111 3045; baseline -0.002 -17"><span class='ocrx_word' id='word_1_178' title='bbox 59 2968 211 3028; x_wconf 88' lang='lat' dir='ltr'><strong>excitatae</strong></span> <span class='ocrx_word' id='word_1_179' title='bbox 241 2963 339 3045; x_wconf 90' lang='lat' dir='ltr'><strong>plebis</strong></span> <span class='ocrx_word' id='word_1_180' title='bbox 367 2964 509 3025; x_wconf 87' lang='lat' dir='ltr'><strong>evaserit.</strong></span> <span class='ocrx_word' id='word_1_181' title='bbox 551 2963 647 3024; x_wconf 86' lang='lat' dir='ltr'><strong>Parvo</strong></span> <span class='ocrx_word' id='word_1_182' title='bbox 670 2971 771 3026; x_wconf 88' lang='lat' dir='ltr'><strong>auteur</strong></span> <span class='ocrx_word' id='word_1_183' title='bbox 794 2967 1005 3029; x_wconf 90' lang='lat' dir='ltr'><strong>intercedente</strong></span> <span class='ocrx_word' id='word_1_184' title='bbox 1028 2973 1111 3027; x_wconf 90' lang='lat' dir='ltr'><strong>tem-</strong></span> 
     </span>
     <span class='ocr_line' id='line_1_28' title="bbox 58 3063 1113 3148; baseline 0 -20"><span class='ocrx_word' id='word_1_185' title='bbox 58 3084 134 3146; x_wconf 87' lang='lat' dir='ltr'><strong>pore</strong></span> <span class='ocrx_word' id='word_1_186' title='bbox 157 3064 281 3146; x_wconf 84' lang='lat' dir='ltr'><strong>triginta</strong></span> <span class='ocrx_word' id='word_1_187' title='bbox 304 3063 442 3143; x_wconf 86' lang='lat' dir='ltr'><strong>quinque</strong></span> <span class='ocrx_word' id='word_1_188' title='bbox 464 3069 623 3124; x_wconf 89' lang='lat' dir='ltr'><strong>senatores</strong></span> <span class='ocrx_word' id='word_1_189' title='bbox 645 3071 677 3124; x_wconf 89' lang='lat' dir='ltr'><strong>et</strong></span> <span class='ocrx_word' id='word_1_190' title='bbox 699 3071 852 3128; x_wconf 88' lang='lat' dir='ltr'><strong>trecentos</strong></span> <span class='ocrx_word' id='word_1_191' title='bbox 875 3068 965 3130; x_wconf 88' lang='lat' dir='ltr'><strong>simul</strong></span> <span class='ocrx_word' id='word_1_192' title='bbox 992 3069 1113 3148; x_wconf 89' lang='lat' dir='ltr'><strong>equites</strong></span> 
     </span>
     <span class='ocr_line' id='line_1_29' title="bbox 59 3161 1113 3242; baseline -0.003 -13"><span class='ocrx_word' id='word_1_193' title='bbox 59 3168 212 3229; x_wconf 88' lang='lat' dir='ltr'><strong>Romanos</strong></span> <span class='ocrx_word' id='word_1_194' title='bbox 235 3164 367 3226; x_wconf 90' lang='lat' dir='ltr'><strong>minimis</strong></span> <span class='ocrx_word' id='word_1_195' title='bbox 390 3162 490 3224; x_wconf 89' lang='lat' dir='ltr'><strong>causis</strong></span> <span class='ocrx_word' id='word_1_196' title='bbox 519 3161 690 3222; x_wconf 89' lang='lat' dir='ltr'><strong>interfecit:</strong></span> <span class='ocrx_word' id='word_1_197' title='bbox 720 3163 786 3242; x_wconf 90' lang='lat' dir='ltr'><strong>ipse</strong></span> <span class='ocrx_word' id='word_1_198' title='bbox 813 3172 915 3227; x_wconf 91' lang='lat' dir='ltr'><strong>autem</strong></span> <span class='ocrx_word' id='word_1_199' title='bbox 945 3166 1113 3228; x_wconf 89' lang='lat' dir='ltr'><strong>manifestis</strong></span> 
     </span>
     <span class='ocr_line' id='line_1_30' title="bbox 61 3255 918 3347; baseline -0.006 -17"><span class='ocrx_word' id='word_1_200' title='bbox 61 3267 175 3330; x_wconf 89' lang='lat' dir='ltr'><strong>veneni</strong></span> <span class='ocrx_word' id='word_1_201' title='bbox 196 3266 293 3347; x_wconf 88' lang='lat' dir='ltr'><strong>signis</strong></span> <span class='ocrx_word' id='word_1_202' title='bbox 315 3270 362 3326; x_wconf 87' lang='lat' dir='ltr'><strong>est</strong></span> <span class='ocrx_word' id='word_1_203' title='bbox 384 3268 529 3324; x_wconf 89' lang='lat' dir='ltr'><strong>mortuus.</strong></span> <span class='ocrx_word' id='word_1_204' title='bbox 916 3255 918 3258; x_wconf 67' lang='grc'><strong>’</strong></span> 
     </span>
    </p>
   </div>
   <div class='ocr_carea' id='block_1_4' title="bbox 420 3460 762 3596">
    <p class='ocr_par' dir='ltr' id='par_1_4' title="bbox 420 3460 762 3596">
     <span class='ocr_line' id='line_1_31' title="bbox 420 3460 762 3596; baseline 0.006 -27"><span class='ocrx_word' id='word_1_205' title='bbox 420 3462 606 3596; x_wconf 86' lang='lat' dir='ltr'><strong>tlaput</strong></span> <span class='ocrx_word' id='word_1_206' title='bbox 659 3460 762 3571; x_wconf 85' lang='lat' dir='ltr'><strong>lll.</strong></span> 
     </span>
    </p>
   </div>
   <div class='ocr_carea' id='block_1_5' title="bbox 104 3634 1073 3824">
    <p class='ocr_par' dir='ltr' id='par_1_5' title="bbox 104 3634 1073 3824">
     <span class='ocr_line' id='line_1_32' title="bbox 104 3634 1073 3724; baseline -0.002 -12"><span class='ocrx_word' id='word_1_207' title='bbox 104 3640 261 3712; x_wconf 83' lang='lat' dir='ltr'><strong>Neronia</strong></span> <span class='ocrx_word' id='word_1_208' title='bbox 275 3637 412 3707; x_wconf 80' lang='lat' dir='ltr'><strong>Claudii</strong></span> <span class='ocrx_word' id='word_1_209' title='bbox 433 3634 600 3704; x_wconf 68' lang='lat' dir='ltr'><strong>caesara</strong></span> <span class='ocrx_word' id='word_1_210' title='bbox 617 3635 710 3724; x_wconf 79' lang='lat' dir='ltr'><strong>foedi</strong></span> <span class='ocrx_word' id='word_1_211' title='bbox 736 3661 849 3709; x_wconf 82' lang='lat' dir='ltr'><strong>morea</strong></span> <span class='ocrx_word' id='word_1_212' title='bbox 872 3645 906 3708; x_wconf 85' lang='lat' dir='ltr'><strong>el</strong></span> <span class='ocrx_word' id='word_1_213' title='bbox 927 3645 1073 3710; x_wconf 74' lang='lat' dir='ltr'><strong>ecclesio</strong></span> 
     </span>
     <span class='ocr_line' id='line_1_33' title="bbox 504 3736 672 3824; baseline 0.006 -18"><span class='ocrx_word' id='word_1_214' title='bbox 504 3736 672 3824; x_wconf 60' lang='lat' dir='ltr'><strong>foenora.</strong></span> 
     </span>
    </p>
   </div>
   <div class='ocr_carea' id='block_1_6' title="bbox 68 3867 1115 4052">
    <p class='ocr_par' dir='ltr' id='par_1_6' title="bbox 68 3867 1115 4052">
     <span class='ocr_line' id='line_1_34' title="bbox 110 3867 1115 3960; baseline 0.001 -28"><span class='ocrx_word' id='word_1_215' title='bbox 110 3948 117 3960; x_wconf 27' lang='grc' dir='ltr'>Ι</span> <span class='ocrx_word' id='word_1_216' title='bbox 149 3870 240 3932; x_wconf 87' lang='lat' dir='ltr'><strong>Anno</strong></span> <span class='ocrx_word' id='word_1_217' title='bbox 256 3868 293 3930; x_wconf 89' lang='lat' dir='ltr'><strong>ab</strong></span> <span class='ocrx_word' id='word_1_218' title='bbox 309 3867 390 3930; x_wconf 92' lang='lat' dir='ltr'><strong>Urbe</strong></span> <span class='ocrx_word' id='word_1_219' title='bbox 406 3867 528 3930; x_wconf 88' lang='lat' dir='ltr'><strong>condita</strong></span> <span class='ocrx_word' id='word_1_220' title='bbox 543 3869 799 3948; x_wconf 89' lang='lat' dir='ltr'><strong>octingentesimo</strong></span> <span class='ocrx_word' id='word_1_221' title='bbox 815 3873 923 3941; x_wconf 87' lang='lat' dir='ltr'><strong>octayo</strong></span> <span class='ocrx_word' id='word_1_222' title='bbox 937 3868 1019 3930; x_wconf 88' lang='lat' dir='ltr'><strong>Nero</strong></span> <span class='ocrx_word' id='word_1_223' title='bbox 1032 3870 1115 3933; x_wconf 87' lang='lat' dir='ltr'><strong>Cae-</strong></span> 
     </span>
     <span class='ocr_line' id='line_1_35' title="bbox 68 3967 1114 4052; baseline -0.004 -20"><span class='ocrx_word' id='word_1_224' title='bbox 68 3990 124 4052; x_wconf 90' lang='lat' dir='ltr'><strong>sar,</strong></span> <span class='ocrx_word' id='word_1_225' title='bbox 146 3970 185 4035; x_wconf 87' lang='lat' dir='ltr'><strong>ab</strong></span> <span class='ocrx_word' id='word_1_226' title='bbox 208 3968 349 4048; x_wconf 84' lang='lat' dir='ltr'><strong>Augusto</strong></span> <span class='ocrx_word' id='word_1_227' title='bbox 371 3967 507 4047; x_wconf 91' lang='lat' dir='ltr'><strong>quintus,</strong></span> <span class='ocrx_word' id='word_1_228' title='bbox 530 3968 731 4045; x_wconf 88' lang='lat' dir='ltr'><strong>principatum</strong></span> <span class='ocrx_word' id='word_1_229' title='bbox 754 3967 881 4044; x_wconf 90' lang='lat' dir='ltr'><strong>adeptus</strong></span> <span class='ocrx_word' id='word_1_230' title='bbox 905 3973 961 4044; x_wconf 88' lang='lat' dir='ltr'><strong>est,</strong></span> <span class='ocrx_word' id='word_1_231' title='bbox 985 3971 1114 4032; x_wconf 87' lang='lat' dir='ltr'><strong>mansit-</strong></span> 
     </span>
    </p>
   </div>
   <div class='ocr_carea' id='block_1_7' title="bbox 0 0 1332 4434">
    <p class='ocr_par' dir='ltr' id='par_1_7' title="bbox 0 0 1332 4434">
     <span class='ocr_line' id='line_1_36' title="bbox 0 0 1332 4434; baseline 0 0"><span class='ocrx_word' id='word_1_232' title='bbox 0 0 1332 4434; x_wconf 95' lang='lat' dir='ltr'><strong> </strong></span> 
     </span>
    </p>
   </div>
  </div>
 </body>
</html>
