<?xml version="1.0" encoding="UTF-8"?>
<!DOCTYPE html PUBLIC "-//W3C//DTD XHTML 1.0 Transitional//EN"
    "http://www.w3.org/TR/xhtml1/DTD/xhtml1-transitional.dtd">
<html xmlns="http://www.w3.org/1999/xhtml" xml:lang="en" lang="en">
 <head>
  <title>
</title>
<meta http-equiv="Content-Type" content="text/html;charset=utf-8" />
  <meta name='ocr-system' content='tesseract 3.04.00' />
  <meta name='ocr-capabilities' content='ocr_page ocr_carea ocr_par ocr_line ocrx_word'/>
</head>
<body>
  <div class='ocr_page' id='page_1' title='image "./pauliorosiipres00havegoog_0250.png"; bbox 0 0 2634 4434; ppageno 0'>
   <div class='ocr_carea' id='block_1_1' title="bbox 480 344 688 456">
    <p class='ocr_par' dir='ltr' id='par_1_1' title="bbox 480 344 688 456">
     <span class='ocr_line' id='line_1_1' title="bbox 480 344 688 456; baseline 0 -42"><span class='ocrx_word' id='word_1_1' title='bbox 480 344 688 456; x_wconf 52' lang='lat' dir='ltr'><strong>Ab...</strong></span> 
     </span>
    </p>
   </div>
   <div class='ocr_carea' id='block_1_2' title="bbox 12 579 1312 4167">
    <p class='ocr_par' dir='ltr' id='par_1_2' title="bbox 39 579 1112 965">
     <span class='ocr_line' id='line_1_2' title="bbox 41 579 1111 661; baseline 0.012 -21"><span class='ocrx_word' id='word_1_2' title='bbox 41 594 156 659; x_wconf 88' lang='lat' dir='ltr'><strong>usque</strong></span> <span class='ocrx_word' id='word_1_3' title='bbox 185 579 225 642; x_wconf 93' lang='lat' dir='ltr'><strong>ad</strong></span> <span class='ocrx_word' id='word_1_4' title='bbox 253 595 337 642; x_wconf 89' lang='lat' dir='ltr'><strong>nuuc</strong></span> <span class='ocrx_word' id='word_1_5' title='bbox 367 582 481 644; x_wconf 85' lang='lat' dir='ltr'><strong>ceteris</strong></span> <span class='ocrx_word' id='word_1_6' title='bbox 513 583 656 645; x_wconf 75' lang='lat' dir='ltr'><strong>incusum</strong></span> <span class='ocrx_word' id='word_1_7' title='bbox 689 583 845 661; x_wconf 82' lang='lat' dir='ltr'>Dominis,</span> <span class='ocrx_word' id='word_1_8' title='bbox 878 591 994 647; x_wconf 76' lang='lat' dir='ltr'><strong>mnium</strong></span> <span class='ocrx_word' id='word_1_9' title='bbox 1028 592 1111 654; x_wconf 90' lang='lat' dir='ltr'><strong>orbis</strong></span> 
     </span>
     <span class='ocr_line' id='line_1_3' title="bbox 39 679 1111 776; baseline 0.01 -34"><span class='ocrx_word' id='word_1_10' title='bbox 39 679 143 743; x_wconf 88' lang='lat' dir='ltr'><strong>licite</strong></span> <span class='ocrx_word' id='word_1_11' title='bbox 165 686 344 761; x_wconf 88' lang='lat' dir='ltr'><strong>usurpatum</strong></span> <span class='ocrx_word' id='word_1_12' title='bbox 371 683 490 763; x_wconf 79' lang='lat' dir='ltr'><strong>apicem</strong></span> <span class='ocrx_word' id='word_1_13' title='bbox 519 681 655 746; x_wconf 77' lang='lat' dir='ltr'><strong>declarat</strong></span> <span class='ocrx_word' id='word_1_14' title='bbox 681 684 816 764; x_wconf 87' lang='lat' dir='ltr'><strong>imperii:</strong></span> <span class='ocrx_word' id='word_1_15' title='bbox 846 692 939 766; x_wconf 89' lang='lat' dir='ltr'><strong>atque</strong></span> <span class='ocrx_word' id='word_1_16' title='bbox 962 703 1002 748; x_wconf 86' lang='lat' dir='ltr'><strong>ex</strong></span> <span class='ocrx_word' id='word_1_17' title='bbox 1024 687 1111 776; x_wconf 74' lang='lat'>[4421</span> 
     </span>
     <span class='ocr_line' id='line_1_4' title="bbox 40 781 1112 866; baseline 0.011 -23"><span class='ocrx_word' id='word_1_18' title='bbox 40 781 166 843; x_wconf 92' lang='lat' dir='ltr'><strong>eodem</strong></span> <span class='ocrx_word' id='word_1_19' title='bbox 188 781 240 844; x_wconf 90' lang='lat' dir='ltr'><strong>die</strong></span> <span class='ocrx_word' id='word_1_20' title='bbox 260 798 378 845; x_wconf 91' lang='lat' dir='ltr'><strong>summa</strong></span> <span class='ocrx_word' id='word_1_21' title='bbox 398 800 503 845; x_wconf 88' lang='lat' dir='ltr'><strong>rernm</strong></span> <span class='ocrx_word' id='word_1_22' title='bbox 525 803 562 847; x_wconf 92' lang='lat' dir='ltr'><strong>ac</strong></span> <span class='ocrx_word' id='word_1_23' title='bbox 583 791 768 866; x_wconf 87' lang='lat' dir='ltr'><strong>potestatum</strong></span> <span class='ocrx_word' id='word_1_24' title='bbox 790 803 888 865; x_wconf 89' lang='lat' dir='ltr'><strong>penes</strong></span> <span class='ocrx_word' id='word_1_25' title='bbox 916 804 1012 850; x_wconf 90' lang='lat' dir='ltr'><strong>unum</strong></span> <span class='ocrx_word' id='word_1_26' title='bbox 1041 809 1112 855; x_wconf 91' lang='lat' dir='ltr'><strong>esse</strong></span> 
     </span>
     <span class='ocr_line' id='line_1_5' title="bbox 39 883 1112 965; baseline 0.009 -21"><span class='ocrx_word' id='word_1_27' title='bbox 39 884 158 963; x_wconf 88' lang='lat' dir='ltr'><strong>eoepit</strong></span> <span class='ocrx_word' id='word_1_28' title='bbox 179 891 211 945; x_wconf 89' lang='lat' dir='ltr'><strong>ct</strong></span> <span class='ocrx_word' id='word_1_29' title='bbox 232 883 358 962; x_wconf 89' lang='lat' dir='ltr'><strong>mansit,</strong></span> <span class='ocrx_word' id='word_1_30' title='bbox 387 885 471 965; x_wconf 89' lang='lat' dir='ltr'><strong>qnod</strong></span> <span class='ocrx_word' id='word_1_31' title='bbox 493 883 603 950; x_wconf 87' lang='lat' dir='ltr'><strong>Graeci</strong></span> <span class='ocrx_word' id='word_1_32' title='bbox 624 885 832 948; x_wconf 83' lang='lat' dir='ltr'><strong>monarchiam</strong></span> <span class='ocrx_word' id='word_1_33' title='bbox 854 895 973 950; x_wconf 90' lang='lat' dir='ltr'><strong>vocant.</strong></span> <span class='ocrx_word' id='word_1_34' title='bbox 1018 889 1112 954; x_wconf 89' lang='lat' dir='ltr'><strong>Porro</strong></span> 
     </span>
    </p>

    <p class='ocr_par' dir='ltr' id='par_1_3' title="bbox 12 983 1312 4089">
     <span class='ocr_line' id='line_1_6' title="bbox 12 983 1111 1064; baseline 0.011 -19"><span class='ocrx_word' id='word_1_35' title='bbox 12 993 17 1000; x_wconf 87' lang='grc'><em>·</em></span> <span class='ocrx_word' id='word_1_36' title='bbox 38 991 156 1046; x_wconf 88' lang='lat' dir='ltr'><strong>autem</strong></span> <span class='ocrx_word' id='word_1_37' title='bbox 177 983 261 1048; x_wconf 92' lang='lat' dir='ltr'><strong>hunc</strong></span> <span class='ocrx_word' id='word_1_38' title='bbox 282 1002 353 1048; x_wconf 83' lang='lat' dir='ltr'><strong>esse</strong></span> <span class='ocrx_word' id='word_1_39' title='bbox 374 987 507 1050; x_wconf 89' lang='lat' dir='ltr'><strong>eandem</strong></span> <span class='ocrx_word' id='word_1_40' title='bbox 530 988 627 1064; x_wconf 88' lang='lat' dir='ltr'><strong>diem,</strong></span> <span class='ocrx_word' id='word_1_41' title='bbox 649 988 709 1049; x_wconf 93' lang='lat' dir='ltr'><strong>hoc</strong></span> <span class='ocrx_word' id='word_1_42' title='bbox 731 995 778 1049; x_wconf 89' lang='lat' dir='ltr'><strong>ost</strong></span> <span class='ocrx_word' id='word_1_43' title='bbox 799 995 941 1052; x_wconf 86' lang='lat' dir='ltr'><strong>octavum</strong></span> <span class='ocrx_word' id='word_1_44' title='bbox 964 990 1034 1054; x_wconf 93' lang='lat' dir='ltr'><strong>idus</strong></span> <span class='ocrx_word' id='word_1_45' title='bbox 1053 991 1111 1058; x_wconf 88' lang='lat' dir='ltr'><strong>Ja-</strong></span> 
     </span>
     <span class='ocr_line' id='line_1_7' title="bbox 37 1086 1110 1168; baseline 0.011 -22"><span class='ocrx_word' id='word_1_46' title='bbox 37 1087 189 1165; x_wconf 85' lang='lat' dir='ltr'><strong>nuarias,</strong></span> <span class='ocrx_word' id='word_1_47' title='bbox 200 1103 262 1167; x_wconf 91' lang='lat' dir='ltr'><strong>quc</strong></span> <span class='ocrx_word' id='word_1_48' title='bbox 273 1103 331 1150; x_wconf 91' lang='lat' dir='ltr'><strong>nos</strong></span> <span class='ocrx_word' id='word_1_49' title='bbox 342 1086 522 1168; x_wconf 81' lang='lat' dir='ltr'><strong>Epiphania,</strong></span> <span class='ocrx_word' id='word_1_50' title='bbox 533 1088 592 1150; x_wconf 86' lang='lat' dir='ltr'><strong>hoc</strong></span> <span class='ocrx_word' id='word_1_51' title='bbox 603 1093 662 1164; x_wconf 90' lang='lat' dir='ltr'><strong>est,</strong></span> <span class='ocrx_word' id='word_1_52' title='bbox 678 1089 909 1168; x_wconf 75' lang='lat' dir='ltr'><strong>apparitionem,</strong></span> <span class='ocrx_word' id='word_1_53' title='bbox 925 1090 991 1152; x_wconf 89' lang='lat' dir='ltr'><strong>sive</strong></span> <span class='ocrx_word' id='word_1_54' title='bbox 1007 1096 1110 1158; x_wconf 86' lang='lat' dir='ltr'><strong>mani·</strong></span> 
     </span>
     <span class='ocr_line' id='line_1_8' title="bbox 37 1183 1110 1266; baseline 0.008 -17"><span class='ocrx_word' id='word_1_55' title='bbox 37 1183 249 1250; x_wconf 79' lang='lat' dir='ltr'><strong>testationem</strong></span> <span class='ocrx_word' id='word_1_56' title='bbox 265 1188 412 1250; x_wconf 89' lang='lat' dir='ltr'><strong>dominici</strong></span> <span class='ocrx_word' id='word_1_57' title='bbox 425 1187 611 1250; x_wconf 81' lang='lat' dir='ltr'><strong>sacramenti</strong></span> <span class='ocrx_word' id='word_1_58' title='bbox 625 1187 836 1266; x_wconf 84' lang='lat' dir='ltr'><strong>observamus,</strong></span> <span class='ocrx_word' id='word_1_59' title='bbox 859 1205 952 1251; x_wconf 92' lang='lat' dir='ltr'><strong>nemo</strong></span> <span class='ocrx_word' id='word_1_60' title='bbox 973 1195 1110 1258; x_wconf 88' lang='lat' dir='ltr'><strong>creden-</strong></span> 
     </span>
     <span class='ocr_line' id='line_1_9' title="bbox 37 1283 1112 1370; baseline 0.012 -22"><span class='ocrx_word' id='word_1_61' title='bbox 37 1288 140 1367; x_wconf 88' lang='lat' dir='ltr'><strong>tium,</strong></span> <span class='ocrx_word' id='word_1_62' title='bbox 151 1290 219 1351; x_wconf 88' lang='lat' dir='ltr'><strong>sive</strong></span> <span class='ocrx_word' id='word_1_63' title='bbox 231 1290 324 1351; x_wconf 90' lang='lat' dir='ltr'><strong>etiam</strong></span> <span class='ocrx_word' id='word_1_64' title='bbox 336 1287 409 1350; x_wconf 85' lang='lat' dir='ltr'><strong>lidei</strong></span> <span class='ocrx_word' id='word_1_65' title='bbox 419 1289 695 1352; x_wconf 85' lang='lat' dir='ltr'><strong>contradicentium</strong></span> <span class='ocrx_word' id='word_1_66' title='bbox 708 1290 814 1352; x_wconf 83' lang='lat' dir='ltr'><strong>nescit</strong></span> <span class='ocrx_word' id='word_1_67' title='bbox 828 1283 833 1292; x_wconf 87' lang='lat'>&#39;</span> <span class='ocrx_word' id='word_1_68' title='bbox 846 1289 895 1352; x_wconf 89' lang='lat' dir='ltr'><strong>De</strong></span> <span class='ocrx_word' id='word_1_69' title='bbox 911 1309 972 1370; x_wconf 95' lang='lat' dir='ltr'><strong>quo</strong></span> <span class='ocrx_word' id='word_1_70' title='bbox 987 1303 1112 1360; x_wconf 88' lang='lat' dir='ltr'><strong>nostrae</strong></span> 
     </span>
     <span class='ocr_line' id='line_1_10' title="bbox 38 1375 1109 1463; baseline 0.008 -12"><span class='ocrx_word' id='word_1_71' title='bbox 38 1389 143 1452; x_wconf 78' lang='lat' dir='ltr'><strong>istium</strong></span> <span class='ocrx_word' id='word_1_72' title='bbox 157 1388 355 1463; x_wconf 84' lang='lat' dir='ltr'><strong>fidelissimae</strong></span> <span class='ocrx_word' id='word_1_73' title='bbox 370 1389 593 1454; x_wconf 85' lang='lat' dir='ltr'><strong>observationis</strong></span> <span class='ocrx_word' id='word_1_74' title='bbox 608 1397 800 1454; x_wconf 86' lang='lat' dir='ltr'><strong>sacramento</strong></span> <span class='ocrx_word' id='word_1_75' title='bbox 815 1375 943 1454; x_wconf 82' lang='lat' dir='ltr'><strong>uberius</strong></span> <span class='ocrx_word' id='word_1_76' title='bbox 958 1412 1042 1458; x_wconf 88' lang='lat' dir='ltr'><strong>nunc</strong></span> <span class='ocrx_word' id='word_1_77' title='bbox 1057 1398 1109 1460; x_wconf 91' lang='lat' dir='ltr'><strong>di-</strong></span> 
     </span>
     <span class='ocr_line' id='line_1_11' title="bbox 37 1490 1109 1573; baseline 0.01 -23"><span class='ocrx_word' id='word_1_78' title='bbox 37 1507 127 1551; x_wconf 89' lang='lat' dir='ltr'><strong>cere</strong></span> <span class='ocrx_word' id='word_1_79' title='bbox 147 1505 210 1551; x_wconf 88' lang='lat' dir='ltr'><strong>nec</strong></span> <span class='ocrx_word' id='word_1_80' title='bbox 227 1490 318 1566; x_wconf 88' lang='lat' dir='ltr'><strong>ratio,</strong></span> <span class='ocrx_word' id='word_1_81' title='bbox 339 1508 398 1552; x_wconf 88' lang='lat' dir='ltr'><strong>nec</strong></span> <span class='ocrx_word' id='word_1_82' title='bbox 413 1491 499 1552; x_wconf 90' lang='lat' dir='ltr'><strong>locus</strong></span> <span class='ocrx_word' id='word_1_83' title='bbox 514 1491 644 1573; x_wconf 81' lang='lat' dir='ltr'><strong>flagitat:</strong></span> <span class='ocrx_word' id='word_1_84' title='bbox 668 1498 749 1552; x_wconf 90' lang='lat' dir='ltr'><strong>utet</strong></span> <span class='ocrx_word' id='word_1_85' title='bbox 764 1492 985 1572; x_wconf 85' lang='lat' dir='ltr'><strong>quaerentibus</strong></span> <span class='ocrx_word' id='word_1_86' title='bbox 1000 1515 1109 1560; x_wconf 86' lang='lat' dir='ltr'><strong>reser-</strong></span> 
     </span>
     <span class='ocr_line' id='line_1_12' title="bbox 37 1589 1109 1672; baseline 0.009 -20"><span class='ocrx_word' id='word_1_87' title='bbox 37 1605 153 1667; x_wconf 89' lang='lat' dir='ltr'><strong>vasse,</strong></span> <span class='ocrx_word' id='word_1_88' title='bbox 174 1595 207 1651; x_wconf 90' lang='lat' dir='ltr'><strong>et</strong></span> <span class='ocrx_word' id='word_1_89' title='bbox 220 1589 451 1672; x_wconf 77' lang='lat' dir='ltr'><strong>negligentibus</strong></span> <span class='ocrx_word' id='word_1_90' title='bbox 466 1609 528 1653; x_wconf 93' lang='lat' dir='ltr'><strong>non</strong></span> <span class='ocrx_word' id='word_1_91' title='bbox 543 1593 711 1672; x_wconf 86' lang='lat' dir='ltr'><strong>ingessisse</strong></span> <span class='ocrx_word' id='word_1_92' title='bbox 725 1592 892 1655; x_wconf 85' lang='lat' dir='ltr'><strong>videamur.</strong></span> <span class='ocrx_word' id='word_1_93' title='bbox 926 1595 991 1657; x_wconf 88' lang='lat' dir='ltr'><strong>Hoc</strong></span> <span class='ocrx_word' id='word_1_94' title='bbox 1006 1606 1109 1661; x_wconf 91' lang='lat' dir='ltr'><strong>autem</strong></span> 
     </span>
     <span class='ocr_line' id='line_1_13' title="bbox 38 1689 1111 1772; baseline 0.008 -20"><span class='ocrx_word' id='word_1_95' title='bbox 38 1689 187 1752; x_wconf 84' lang='lat' dir='ltr'><strong>fideliter</strong></span> <span class='ocrx_word' id='word_1_96' title='bbox 201 1707 460 1754; x_wconf 85' lang='lat' dir='ltr'><strong>commemorasse</strong></span> <span class='ocrx_word' id='word_1_97' title='bbox 473 1693 544 1754; x_wconf 89' lang='lat' dir='ltr'><strong>ideo</strong></span> <span class='ocrx_word' id='word_1_98' title='bbox 563 1710 618 1772; x_wconf 92' lang='lat' dir='ltr'><strong>par</strong></span> <span class='ocrx_word' id='word_1_99' title='bbox 639 1690 708 1768; x_wconf 82' lang='lat' dir='ltr'><strong>fuit,</strong></span> <span class='ocrx_word' id='word_1_100' title='bbox 731 1698 765 1753; x_wconf 93' lang='lat' dir='ltr'><strong>ut</strong></span> <span class='ocrx_word' id='word_1_101' title='bbox 786 1711 842 1772; x_wconf 89' lang='lat' dir='ltr'><strong>per</strong></span> <span class='ocrx_word' id='word_1_102' title='bbox 864 1696 965 1756; x_wconf 92' lang='lat' dir='ltr'><strong>omnia</strong></span> <span class='ocrx_word' id='word_1_103' title='bbox 987 1700 1111 1762; x_wconf 87' lang='lat' dir='ltr'><strong>venturi</strong></span> 
     </span>
     <span class='ocr_line' id='line_1_14' title="bbox 44 1785 1122 1890; baseline 0.009 -38"><span class='ocrx_word' id='word_1_104' title='bbox 44 1789 288 1872; x_wconf 81' lang='lat' dir='ltr'><strong>christigratia</strong></span> <span class='ocrx_word' id='word_1_105' title='bbox 310 1800 523 1873; x_wconf 90' lang='lat' dir='ltr'><strong>praeparatum</strong></span> <span class='ocrx_word' id='word_1_106' title='bbox 538 1793 678 1855; x_wconf 81' lang='lat' dir='ltr'><strong>Caesaris</strong></span> <span class='ocrx_word' id='word_1_107' title='bbox 700 1793 861 1873; x_wconf 90' lang='lat' dir='ltr'><strong>imperium</strong></span> <span class='ocrx_word' id='word_1_108' title='bbox 884 1785 1122 1890; x_wconf 55' lang='lat' dir='ltr'><strong>comprobetur?</strong></span> 
     </span>
     <span class='ocr_line' id='line_1_15' title="bbox 41 1890 1184 1978; baseline 0.012 -26"><span class='ocrx_word' id='word_1_109' title='bbox 41 1890 128 1953; x_wconf 87' lang='lat' dir='ltr'><strong>Nam</strong></span> <span class='ocrx_word' id='word_1_110' title='bbox 151 1911 220 1954; x_wconf 89' lang='lat' dir='ltr'><strong>cum</strong></span> <span class='ocrx_word' id='word_1_111' title='bbox 243 1893 390 1972; x_wconf 91' lang='lat' dir='ltr'><strong>primum,</strong></span> <span class='ocrx_word' id='word_1_112' title='bbox 419 1892 493 1954; x_wconf 91' lang='lat' dir='ltr'><strong>Caio</strong></span> <span class='ocrx_word' id='word_1_113' title='bbox 521 1895 652 1957; x_wconf 88' lang='lat' dir='ltr'><strong>Caesare</strong></span> <span class='ocrx_word' id='word_1_114' title='bbox 679 1895 833 1957; x_wconf 88' lang='lat' dir='ltr'><strong>avunculo</strong></span> <span class='ocrx_word' id='word_1_115' title='bbox 855 1912 913 1957; x_wconf 89' lang='lat' dir='ltr'><strong>suo</strong></span> <span class='ocrx_word' id='word_1_116' title='bbox 935 1897 1184 1978; x_wconf 85' lang='lat' dir='ltr'><strong>interfecto,</strong></span> <span class='ocrx_word' id='word_1_117' title='bbox 1146 1955 1153 1966; x_wconf 83' lang='lat'>‚</span> 
     </span>
     <span class='ocr_line' id='line_1_16' title="bbox 43 1983 1203 2083; baseline 0.007 -28"><span class='ocrx_word' id='word_1_118' title='bbox 43 2011 91 2056; x_wconf 88' lang='lat' dir='ltr'><strong>ex</strong></span> <span class='ocrx_word' id='word_1_119' title='bbox 120 1993 284 2074; x_wconf 80' lang='lat' dir='ltr'><strong>Apollonia</strong></span> <span class='ocrx_word' id='word_1_120' title='bbox 315 1994 441 2056; x_wconf 87' lang='lat' dir='ltr'><strong>rediens</strong></span> <span class='ocrx_word' id='word_1_121' title='bbox 469 1994 581 2058; x_wconf 90' lang='lat' dir='ltr'><strong>Urbem</strong></span> <span class='ocrx_word' id='word_1_122' title='bbox 613 1995 845 2078; x_wconf 81' lang='lat' dir='ltr'><strong>ingrederetur,</strong></span> <span class='ocrx_word' id='word_1_123' title='bbox 862 1983 953 2083; x_wconf 63' lang='lat' dir='ltr'><strong>lbera</strong></span> <span class='ocrx_word' id='word_1_124' title='bbox 987 2001 1175 2066; x_wconf 85' lang='lat' dir='ltr'><strong>circiter</strong></span> <span class='ocrx_word' id='word_1_125' title='bbox 1131 2045 1147 2076; x_wconf 54' lang='lat' dir='ltr'><em>d</em></span> <span class='ocrx_word' id='word_1_126' title='bbox 1190 2033 1203 2074; x_wconf 85' lang='lat'><strong>.·</strong></span> 
     </span>
     <span class='ocr_line' id='line_1_17' title="bbox 43 2091 1312 2190; baseline 0.009 -36"><span class='ocrx_word' id='word_1_127' title='bbox 43 2091 153 2162; x_wconf 86' lang='lat' dir='ltr'><strong>tertia</strong></span> <span class='ocrx_word' id='word_1_128' title='bbox 164 2103 292 2175; x_wconf 89' lang='lat' dir='ltr'><strong>repente</strong></span> <span class='ocrx_word' id='word_1_129' title='bbox 314 2096 433 2177; x_wconf 91' lang='lat' dir='ltr'><strong>liquido</strong></span> <span class='ocrx_word' id='word_1_130' title='bbox 453 2113 491 2156; x_wconf 93' lang='lat' dir='ltr'><strong>ac</strong></span> <span class='ocrx_word' id='word_1_131' title='bbox 511 2113 590 2175; x_wconf 91' lang='lat' dir='ltr'><strong>puro</strong></span> <span class='ocrx_word' id='word_1_132' title='bbox 611 2113 730 2190; x_wconf 86' lang='lat' dir='ltr'><strong>sereno</strong></span> <span class='ocrx_word' id='word_1_133' title='bbox 747 2098 881 2160; x_wconf 91' lang='lat' dir='ltr'><strong>circulus</strong></span> <span class='ocrx_word' id='word_1_134' title='bbox 908 2099 946 2160; x_wconf 89' lang='lat' dir='ltr'><strong>ad</strong></span> <span class='ocrx_word' id='word_1_135' title='bbox 974 2105 1162 2181; x_wconf 87' lang='lat' dir='ltr'><strong>speciem</strong></span> <span class='ocrx_word' id='word_1_136' title='bbox 1147 2143 1153 2156; x_wconf 83' lang='lat'><strong>·</strong></span> <span class='ocrx_word' id='word_1_137' title='bbox 1272 2129 1276 2141; x_wconf 88' lang='lat'>·</span> <span class='ocrx_word' id='word_1_138' title='bbox 1296 2129 1312 2142; x_wconf 60' lang='lat'><strong>¹·</strong></span> 
     </span>
     <span class='ocr_line' id='line_1_18' title="bbox 45 2181 1111 2276; baseline 0.008 -20"><span class='ocrx_word' id='word_1_139' title='bbox 45 2196 197 2260; x_wconf 87' lang='lat' dir='ltr'><strong>coelestis</strong></span> <span class='ocrx_word' id='word_1_140' title='bbox 224 2213 313 2259; x_wconf 89' lang='lat' dir='ltr'><strong>arcus</strong></span> <span class='ocrx_word' id='word_1_141' title='bbox 340 2197 447 2258; x_wconf 89' lang='lat' dir='ltr'><strong>orbem</strong></span> <span class='ocrx_word' id='word_1_142' title='bbox 473 2196 547 2258; x_wconf 91' lang='lat' dir='ltr'><strong>solis</strong></span> <span class='ocrx_word' id='word_1_143' title='bbox 574 2197 713 2274; x_wconf 85' lang='lat' dir='ltr'><strong>ambiit,</strong></span> <span class='ocrx_word' id='word_1_144' title='bbox 721 2181 817 2276; x_wconf 92' lang='lat' dir='ltr'><strong>quasi</strong></span> <span class='ocrx_word' id='word_1_145' title='bbox 851 2215 921 2258; x_wconf 91' lang='lat' dir='ltr'><strong>eum</strong></span> <span class='ocrx_word' id='word_1_146' title='bbox 950 2217 1044 2262; x_wconf 90' lang='lat' dir='ltr'><strong>unum</strong></span> <span class='ocrx_word' id='word_1_147' title='bbox 1074 2221 1111 2264; x_wconf 90' lang='lat' dir='ltr'><strong>ac</strong></span> 
     </span>
     <span class='ocr_line' id='line_1_19' title="bbox 44 2296 1110 2377; baseline 0.004 -19"><span class='ocrx_word' id='word_1_148' title='bbox 44 2297 321 2376; x_wconf 88' lang='lat' dir='ltr'><strong>potentissimum</strong></span> <span class='ocrx_word' id='word_1_149' title='bbox 312 2317 346 2360; x_wconf 89' lang='lat' dir='ltr'><strong>rn</strong></span> <span class='ocrx_word' id='word_1_150' title='bbox 359 2297 420 2360; x_wconf 90' lang='lat' dir='ltr'><strong>hoc</strong></span> <span class='ocrx_word' id='word_1_151' title='bbox 435 2297 560 2374; x_wconf 89' lang='lat' dir='ltr'><strong>mundo,</strong></span> <span class='ocrx_word' id='word_1_152' title='bbox 575 2296 739 2377; x_wconf 92' lang='lat' dir='ltr'><strong>solumque</strong></span> <span class='ocrx_word' id='word_1_153' title='bbox 755 2296 988 2359; x_wconf 89' lang='lat' dir='ltr'><strong>clarissimum</strong></span> <span class='ocrx_word' id='word_1_154' title='bbox 979 2317 1011 2360; x_wconf 86' lang='lat' dir='ltr'><strong>rn</strong></span> <span class='ocrx_word' id='word_1_155' title='bbox 1034 2301 1110 2363; x_wconf 88' lang='lat' dir='ltr'><strong>orbe</strong></span> 
     </span>
     <span class='ocr_line' id='line_1_20' title="bbox 44 2390 1109 2480; baseline 0.002 -20"><span class='ocrx_word' id='word_1_156' title='bbox 44 2404 246 2474; x_wconf 88' lang='lat' dir='ltr'><strong>monstraret,</strong></span> <span class='ocrx_word' id='word_1_157' title='bbox 268 2402 359 2480; x_wconf 90' lang='lat' dir='ltr'><strong>cujus</strong></span> <span class='ocrx_word' id='word_1_158' title='bbox 379 2390 518 2476; x_wconf 81' lang='lat' dir='ltr'><strong>tempore</strong></span> <span class='ocrx_word' id='word_1_159' title='bbox 538 2404 690 2458; x_wconf 89' lang='lat' dir='ltr'><strong>venturus</strong></span> <span class='ocrx_word' id='word_1_160' title='bbox 713 2404 805 2472; x_wconf 88' lang='lat' dir='ltr'><strong>esset,</strong></span> <span class='ocrx_word' id='word_1_161' title='bbox 830 2399 882 2476; x_wconf 90' lang='lat' dir='ltr'><strong>qui</strong></span> <span class='ocrx_word' id='word_1_162' title='bbox 898 2399 995 2478; x_wconf 90' lang='lat' dir='ltr'><strong>ipsum</strong></span> <span class='ocrx_word' id='word_1_163' title='bbox 1012 2401 1109 2464; x_wconf 91' lang='lat' dir='ltr'><strong>solem</strong></span> 
     </span>
     <span class='ocr_line' id='line_1_21' title="bbox 25 2485 1110 2578; baseline 0.002 -19"><span class='ocrx_word' id='word_1_164' title='bbox 25 2499 154 2576; x_wconf 77' lang='lat' dir='ltr'><strong>solus,</strong></span> <span class='ocrx_word' id='word_1_165' title='bbox 183 2499 395 2578; x_wconf 90' lang='lat' dir='ltr'><strong>mundumque</strong></span> <span class='ocrx_word' id='word_1_166' title='bbox 423 2503 519 2557; x_wconf 88' lang='lat' dir='ltr'><strong>totum</strong></span> <span class='ocrx_word' id='word_1_167' title='bbox 549 2503 581 2556; x_wconf 88' lang='lat' dir='ltr'><strong>et</strong></span> <span class='ocrx_word' id='word_1_168' title='bbox 606 2495 734 2556; x_wconf 86' lang='lat' dir='ltr'><strong>iecisset</strong></span> <span class='ocrx_word' id='word_1_169' title='bbox 761 2503 792 2556; x_wconf 87' lang='lat' dir='ltr'><strong>et</strong></span> <span class='ocrx_word' id='word_1_170' title='bbox 813 2485 959 2577; x_wconf 59' lang='lat' dir='ltr'><strong>regeretss&#39;</strong></span> <span class='ocrx_word' id='word_1_171' title='bbox 989 2500 1110 2562; x_wconf 90' lang='lat' dir='ltr'><strong>Deinde</strong></span> 
     </span>
     <span class='ocr_line' id='line_1_22' title="bbox 46 2595 1109 2680; baseline -0.002 -18"><span class='ocrx_word' id='word_1_172' title='bbox 46 2603 122 2662; x_wconf 78' lang='lat' dir='ltr'><strong>cu&#39;m</strong></span> <span class='ocrx_word' id='word_1_173' title='bbox 139 2599 288 2675; x_wconf 89' lang='lat' dir='ltr'><strong>secundo,</strong></span> <span class='ocrx_word' id='word_1_174' title='bbox 311 2599 343 2658; x_wconf 90' lang='lat' dir='ltr'><strong>in</strong></span> <span class='ocrx_word' id='word_1_175' title='bbox 360 2595 465 2659; x_wconf 87' lang='lat' dir='ltr'><strong>Sicilia</strong></span> <span class='ocrx_word' id='word_1_176' title='bbox 479 2595 614 2675; x_wconf 88' lang='lat' dir='ltr'><strong>receptis</strong></span> <span class='ocrx_word' id='word_1_177' title='bbox 635 2614 652 2655; x_wconf 93' lang='lat' dir='ltr'><strong>a</strong></span> <span class='ocrx_word' id='word_1_178' title='bbox 668 2595 813 2676; x_wconf 88' lang='lat' dir='ltr'><strong>Pompeio</strong></span> <span class='ocrx_word' id='word_1_179' title='bbox 828 2603 860 2657; x_wconf 89' lang='lat' dir='ltr'><strong>et</strong></span> <span class='ocrx_word' id='word_1_180' title='bbox 874 2596 989 2676; x_wconf 90' lang='lat' dir='ltr'><strong>Lepido</strong></span> <span class='ocrx_word' id='word_1_181' title='bbox 1005 2598 1109 2680; x_wconf 85' lang='lat' dir='ltr'><strong>legio-</strong></span> 
     </span>
     <span class='ocr_line' id='line_1_23' title="bbox 45 2696 1109 2780; baseline 0 -17"><span class='ocrx_word' id='word_1_182' title='bbox 45 2703 157 2776; x_wconf 91' lang='lat' dir='ltr'><strong>nibus,</strong></span> <span class='ocrx_word' id='word_1_183' title='bbox 180 2699 305 2780; x_wconf 84' lang='lat' dir='ltr'><strong>triginta</strong></span> <span class='ocrx_word' id='word_1_184' title='bbox 327 2697 421 2760; x_wconf 89' lang='lat' dir='ltr'><strong>millia</strong></span> <span class='ocrx_word' id='word_1_185' title='bbox 442 2713 602 2759; x_wconf 88' lang='lat' dir='ltr'><strong>servorum</strong></span> <span class='ocrx_word' id='word_1_186' title='bbox 625 2696 761 2758; x_wconf 90' lang='lat' dir='ltr'><strong>dominio</strong></span> <span class='ocrx_word' id='word_1_187' title='bbox 779 2698 966 2760; x_wconf 86' lang='lat' dir='ltr'><strong>restituisset</strong></span> <span class='ocrx_word' id='word_1_188' title='bbox 981 2707 1012 2761; x_wconf 89' lang='lat' dir='ltr'><strong>et</strong></span> <span class='ocrx_word' id='word_1_189' title='bbox 1027 2719 1109 2780; x_wconf 87' lang='lat' dir='ltr'><strong>qua-</strong></span> 
     </span>
     <span class='ocr_line' id='line_1_24' title="bbox 48 2795 1109 2883; baseline -0.002 -19"><span class='ocrx_word' id='word_1_190' title='bbox 48 2802 195 2883; x_wconf 86' lang='lat' dir='ltr'><strong>draginta</strong></span> <span class='ocrx_word' id='word_1_191' title='bbox 228 2807 360 2880; x_wconf 89' lang='lat' dir='ltr'><strong>quatuor</strong></span> <span class='ocrx_word' id='word_1_192' title='bbox 388 2798 528 2879; x_wconf 88' lang='lat' dir='ltr'><strong>legiones</strong></span> <span class='ocrx_word' id='word_1_193' title='bbox 554 2795 638 2859; x_wconf 91' lang='lat' dir='ltr'><strong>solus</strong></span> <span class='ocrx_word' id='word_1_194' title='bbox 666 2797 795 2876; x_wconf 90' lang='lat' dir='ltr'><strong>imperio</strong></span> <span class='ocrx_word' id='word_1_195' title='bbox 822 2815 879 2860; x_wconf 92' lang='lat' dir='ltr'><strong>suo</strong></span> <span class='ocrx_word' id='word_1_196' title='bbox 908 2799 945 2859; x_wconf 93' lang='lat' dir='ltr'><strong>ad</strong></span> <span class='ocrx_word' id='word_1_197' title='bbox 973 2806 1109 2862; x_wconf 88' lang='lat' dir='ltr'><strong>tutamen</strong></span> 
     </span>
     <span class='ocr_line' id='line_1_25' title="bbox 49 2898 1109 2982; baseline -0.002 -18"><span class='ocrx_word' id='word_1_198' title='bbox 49 2903 143 2964; x_wconf 81' lang='lat' dir='ltr'><strong>orbis</strong></span> <span class='ocrx_word' id='word_1_199' title='bbox 167 2909 316 2963; x_wconf 89' lang='lat' dir='ltr'><strong>terrarum</strong></span> <span class='ocrx_word' id='word_1_200' title='bbox 346 2899 566 2976; x_wconf 88' lang='lat' dir='ltr'><strong>distribuisset,</strong></span> <span class='ocrx_word' id='word_1_201' title='bbox 601 2914 760 2978; x_wconf 90' lang='lat' dir='ltr'><strong>ovansque</strong></span> <span class='ocrx_word' id='word_1_202' title='bbox 794 2898 906 2961; x_wconf 89' lang='lat' dir='ltr'><strong>Urbem</strong></span> <span class='ocrx_word' id='word_1_203' title='bbox 940 2899 1109 2982; x_wconf 87' lang='lat' dir='ltr'><strong>ingressus,</strong></span> 
     </span>
     <span class='ocr_line' id='line_1_26' title="bbox 50 2997 1111 3083; baseline 0.001 -19"><span class='ocrx_word' id='word_1_204' title='bbox 50 3003 157 3064; x_wconf 91' lang='lat' dir='ltr'><strong>omnia</strong></span> <span class='ocrx_word' id='word_1_205' title='bbox 178 3002 337 3083; x_wconf 89' lang='lat' dir='ltr'><strong>superiora</strong></span> <span class='ocrx_word' id='word_1_206' title='bbox 358 3000 463 3081; x_wconf 91' lang='lat' dir='ltr'><strong>populi</strong></span> <span class='ocrx_word' id='word_1_207' title='bbox 484 2999 613 3060; x_wconf 87' lang='lat' dir='ltr'><strong>Romani</strong></span> <span class='ocrx_word' id='word_1_208' title='bbox 636 2997 740 3061; x_wconf 87' lang='lat' dir='ltr'><strong>debita</strong></span> <span class='ocrx_word' id='word_1_209' title='bbox 768 3000 924 3079; x_wconf 82' lang='lat' dir='ltr'><strong>donando,</strong></span> <span class='ocrx_word' id='word_1_210' title='bbox 952 3002 1111 3065; x_wconf 90' lang='lat' dir='ltr'><strong>literarum</strong></span> 
     </span>
     <span class='ocr_line' id='line_1_27' title="bbox 51 3100 1110 3180; baseline -0.001 -14"><span class='ocrx_word' id='word_1_211' title='bbox 51 3105 147 3166; x_wconf 89' lang='lat' dir='ltr'><strong>etiam</strong></span> <span class='ocrx_word' id='word_1_212' title='bbox 163 3102 368 3174; x_wconf 87' lang='lat' dir='ltr'><strong>monumentis</strong></span> <span class='ocrx_word' id='word_1_213' title='bbox 382 3100 515 3177; x_wconf 88' lang='lat' dir='ltr'><strong>abolitis,</strong></span> <span class='ocrx_word' id='word_1_214' title='bbox 538 3100 711 3161; x_wconf 86' lang='lat' dir='ltr'><strong>censuisset</strong></span> <span class='ocrx_word' id='word_1_215' title='bbox 717 3119 726 3173; x_wconf 91' lang='lat'>;</span> <span class='ocrx_word' id='word_1_216' title='bbox 750 3101 782 3160; x_wconf 94' lang='lat' dir='ltr'><strong>in</strong></span> <span class='ocrx_word' id='word_1_217' title='bbox 805 3100 914 3162; x_wconf 86' lang='lat' dir='ltr'><strong>diebus</strong></span> <span class='ocrx_word' id='word_1_218' title='bbox 930 3102 1025 3180; x_wconf 92' lang='lat' dir='ltr'><strong>ipsius</strong></span> <span class='ocrx_word' id='word_1_219' title='bbox 1041 3103 1110 3165; x_wconf 87' lang='lat' dir='ltr'><strong>fons</strong></span> 
     </span>
     <span class='ocr_line' id='line_1_28' title="bbox 52 3199 1109 3286; baseline -0.004 -19"><span class='ocrx_word' id='word_1_220' title='bbox 52 3204 116 3267; x_wconf 89' lang='lat' dir='ltr'><strong>olei</strong></span> <span class='ocrx_word' id='word_1_221' title='bbox 137 3203 338 3286; x_wconf 89' lang='lat' dir='ltr'><strong>largissimus,</strong></span> <span class='ocrx_word' id='word_1_222' title='bbox 361 3203 441 3265; x_wconf 89' lang='lat' dir='ltr'><strong>sicut</strong></span> <span class='ocrx_word' id='word_1_223' title='bbox 462 3200 605 3280; x_wconf 90' lang='lat' dir='ltr'><strong>superius</strong></span> <span class='ocrx_word' id='word_1_224' title='bbox 627 3199 776 3278; x_wconf 86' lang='lat' dir='ltr'><strong>expressi,</strong></span> <span class='ocrx_word' id='word_1_225' title='bbox 801 3201 839 3261; x_wconf 89' lang='lat' dir='ltr'><strong>dc</strong></span> <span class='ocrx_word' id='word_1_226' title='bbox 862 3199 988 3262; x_wconf 85' lang='lat' dir='ltr'><strong>taberna</strong></span> <span class='ocrx_word' id='word_1_227' title='bbox 1011 3204 1109 3263; x_wconf 91' lang='lat' dir='ltr'><strong>meri-</strong></span> 
     </span>
     <span class='ocr_line' id='line_1_29' title="bbox 52 3296 1109 3386; baseline -0.003 -19"><span class='ocrx_word' id='word_1_228' title='bbox 52 3306 133 3368; x_wconf 91' lang='lat' dir='ltr'><strong>toria</strong></span> <span class='ocrx_word' id='word_1_229' title='bbox 153 3322 209 3385; x_wconf 86' lang='lat' dir='ltr'><strong>per</strong></span> <span class='ocrx_word' id='word_1_230' title='bbox 230 3311 327 3366; x_wconf 88' lang='lat' dir='ltr'><strong>totum</strong></span> <span class='ocrx_word' id='word_1_231' title='bbox 350 3301 431 3365; x_wconf 88' lang='lat' dir='ltr'><strong>diem</strong></span> <span class='ocrx_word' id='word_1_232' title='bbox 453 3298 571 3363; x_wconf 71' lang='lat' dir='ltr'><strong>duxitz&#39;</strong></span> <span class='ocrx_word' id='word_1_233' title='bbox 581 3301 649 3375; x_wconf 84' lang='lat' dir='ltr'><strong>Quo</strong></span> <span class='ocrx_word' id='word_1_234' title='bbox 669 3301 758 3381; x_wconf 83' lang='lat' dir='ltr'><strong>signo</strong></span> <span class='ocrx_word' id='word_1_235' title='bbox 775 3299 849 3380; x_wconf 88' lang='lat' dir='ltr'><strong>quid</strong></span> <span class='ocrx_word' id='word_1_236' title='bbox 865 3300 997 3361; x_wconf 91' lang='lat' dir='ltr'><strong>eviden-</strong></span> <span class='ocrx_word' id='word_1_237' title='bbox 1023 3296 1109 3386; x_wconf 78' lang='lat'>[443]</span> 
     </span>
     <span class='ocr_line' id='line_1_30' title="bbox 54 3398 1110 3485; baseline 0 -18"><span class='ocrx_word' id='word_1_238' title='bbox 54 3408 134 3484; x_wconf 91' lang='lat' dir='ltr'><strong>tius,</strong></span> <span class='ocrx_word' id='word_1_239' title='bbox 162 3424 252 3485; x_wconf 90' lang='lat' dir='ltr'><strong>quam</strong></span> <span class='ocrx_word' id='word_1_240' title='bbox 280 3406 312 3465; x_wconf 93' lang='lat' dir='ltr'><strong>in</strong></span> <span class='ocrx_word' id='word_1_241' title='bbox 342 3402 453 3465; x_wconf 89' lang='lat' dir='ltr'><strong>dicbus</strong></span> <span class='ocrx_word' id='word_1_242' title='bbox 480 3402 619 3465; x_wconf 88' lang='lat' dir='ltr'><strong>Caesaris</strong></span> <span class='ocrx_word' id='word_1_243' title='bbox 641 3408 706 3463; x_wconf 89' lang='lat' dir='ltr'><strong>toto</strong></span> <span class='ocrx_word' id='word_1_244' title='bbox 729 3398 804 3462; x_wconf 88' lang='lat' dir='ltr'><strong>orbe</strong></span> <span class='ocrx_word' id='word_1_245' title='bbox 825 3403 984 3482; x_wconf 89' lang='lat' dir='ltr'><strong>regnantis</strong></span> <span class='ocrx_word' id='word_1_246' title='bbox 1006 3401 1110 3467; x_wconf 87' lang='lat' dir='ltr'><strong>lutura</strong></span> 
     </span>
     <span class='ocr_line' id='line_1_31' title="bbox 55 3493 1144 3586; baseline -0.003 -18"><span class='ocrx_word' id='word_1_247' title='bbox 55 3505 166 3568; x_wconf 85' lang='lat' dir='ltr'><strong>Christi</strong></span> <span class='ocrx_word' id='word_1_248' title='bbox 188 3505 330 3568; x_wconf 89' lang='lat' dir='ltr'><strong>nativitas</strong></span> <span class='ocrx_word' id='word_1_249' title='bbox 352 3503 504 3567; x_wconf 87' lang='lat' dir='ltr'><strong>declarata</strong></span> <span class='ocrx_word' id='word_1_250' title='bbox 527 3510 589 3568; x_wconf 89' lang='lat' dir='ltr'><strong>est:</strong></span> <span class='ocrx_word' id='word_1_251' title='bbox 606 3501 752 3564; x_wconf 85' lang='lat' dir='ltr'><strong>Christus</strong></span> <span class='ocrx_word' id='word_1_252' title='bbox 775 3501 856 3564; x_wconf 88' lang='lat' dir='ltr'><strong>enim</strong></span> <span class='ocrx_word' id='word_1_253' title='bbox 880 3501 985 3586; x_wconf 87' lang='lat' dir='ltr'><strong>lingua</strong></span> <span class='ocrx_word' id='word_1_254' title='bbox 1008 3507 1110 3586; x_wconf 86' lang='lat' dir='ltr'><strong>gentis</strong></span> <span class='ocrx_word' id='word_1_255' title='bbox 1141 3493 1144 3500; x_wconf 51' lang='lat'><strong>⁴</strong></span> 
     </span>
     <span class='ocr_line' id='line_1_32' title="bbox 56 3603 1108 3687; baseline -0.007 -18"><span class='ocrx_word' id='word_1_256' title='bbox 56 3607 137 3687; x_wconf 85' lang='lat' dir='ltr'><strong>ejus,</strong></span> <span class='ocrx_word' id='word_1_257' title='bbox 160 3607 194 3668; x_wconf 90' lang='lat' dir='ltr'><strong>in</strong></span> <span class='ocrx_word' id='word_1_258' title='bbox 220 3623 282 3686; x_wconf 84' lang='lat' dir='ltr'><strong>que</strong></span> <span class='ocrx_word' id='word_1_259' title='bbox 308 3610 483 3683; x_wconf 87' lang='lat' dir='ltr'><strong>natusest,</strong></span> <span class='ocrx_word' id='word_1_260' title='bbox 506 3612 617 3668; x_wconf 87' lang='lat' dir='ltr'><strong>unctus</strong></span> <span class='ocrx_word' id='word_1_261' title='bbox 640 3606 865 3683; x_wconf 87' lang='lat' dir='ltr'><strong>interpretatur</strong></span> <span class='ocrx_word' id='word_1_262' title='bbox 909 3603 1016 3682; x_wconf 86' lang='lat' dir='ltr'><strong>Itaque</strong></span> <span class='ocrx_word' id='word_1_263' title='bbox 1040 3621 1108 3664; x_wconf 91' lang='lat' dir='ltr'><strong>cum</strong></span> 
     </span>
     <span class='ocr_line' id='line_1_33' title="bbox 57 3701 1109 3788; baseline -0.009 -18"><span class='ocrx_word' id='word_1_264' title='bbox 57 3725 93 3769; x_wconf 93' lang='lat' dir='ltr'><strong>eo</strong></span> <span class='ocrx_word' id='word_1_265' title='bbox 115 3715 271 3788; x_wconf 91' lang='lat' dir='ltr'><strong>tempore,</strong></span> <span class='ocrx_word' id='word_1_266' title='bbox 295 3723 357 3786; x_wconf 92' lang='lat' dir='ltr'><strong>quo</strong></span> <span class='ocrx_word' id='word_1_267' title='bbox 379 3704 503 3769; x_wconf 83' lang='lat' dir='ltr'><strong>Caesari</strong></span> <span class='ocrx_word' id='word_1_268' title='bbox 524 3711 673 3786; x_wconf 84' lang='lat' dir='ltr'><strong>perpet-na</strong></span> <span class='ocrx_word' id='word_1_269' title='bbox 700 3703 864 3767; x_wconf 88' lang='lat' dir='ltr'><strong>tribunicia</strong></span> <span class='ocrx_word' id='word_1_270' title='bbox 886 3709 1020 3782; x_wconf 87' lang='lat' dir='ltr'><strong>potestas</strong></span> <span class='ocrx_word' id='word_1_271' title='bbox 1048 3701 1109 3762; x_wconf 87' lang='lat' dir='ltr'><strong>de-</strong></span> 
     </span>
     <span class='ocr_line' id='line_1_34' title="bbox 58 3800 1109 3886; baseline -0.008 -16"><span class='ocrx_word' id='word_1_272' title='bbox 58 3815 139 3872; x_wconf 91' lang='lat' dir='ltr'><strong>creta</strong></span> <span class='ocrx_word' id='word_1_273' title='bbox 172 3815 236 3885; x_wconf 89' lang='lat' dir='ltr'><strong>est,</strong></span> <span class='ocrx_word' id='word_1_274' title='bbox 267 3806 384 3869; x_wconf 84' lang='lat' dir='ltr'><strong>Romae</strong></span> <span class='ocrx_word' id='word_1_275' title='bbox 410 3806 479 3870; x_wconf 87' lang='lat' dir='ltr'><strong>lons</strong></span> <span class='ocrx_word' id='word_1_276' title='bbox 507 3806 569 3870; x_wconf 90' lang='lat' dir='ltr'><strong>olei</strong></span> <span class='ocrx_word' id='word_1_277' title='bbox 598 3823 655 3886; x_wconf 87' lang='lat' dir='ltr'><strong>per</strong></span> <span class='ocrx_word' id='word_1_278' title='bbox 680 3812 778 3868; x_wconf 87' lang='lat' dir='ltr'><strong>totum</strong></span> <span class='ocrx_word' id='word_1_279' title='bbox 806 3803 887 3864; x_wconf 91' lang='lat' dir='ltr'><strong>diem</strong></span> <span class='ocrx_word' id='word_1_280' title='bbox 916 3800 1021 3862; x_wconf 86' lang='lat' dir='ltr'><strong>linxit:</strong></span> <span class='ocrx_word' id='word_1_281' title='bbox 1052 3800 1109 3864; x_wconf 87' lang='lat' dir='ltr'><strong>sub</strong></span> 
     </span>
     <span class='ocr_line' id='line_1_35' title="bbox 56 3899 1110 3990; baseline -0.009 -18"><span class='ocrx_word' id='word_1_282' title='bbox 56 3910 227 3990; x_wconf 88' lang='lat' dir='ltr'><strong>principatu</strong></span> <span class='ocrx_word' id='word_1_283' title='bbox 256 3907 396 3970; x_wconf 81' lang='lat' dir='ltr'><strong>Caesaris</strong></span> <span class='ocrx_word' id='word_1_284' title='bbox 422 3907 622 3987; x_wconf 86' lang='lat' dir='ltr'><strong>Romanoque</strong></span> <span class='ocrx_word' id='word_1_285' title='bbox 651 3905 780 3985; x_wconf 89' lang='lat' dir='ltr'><strong>imperio</strong></span> <span class='ocrx_word' id='word_1_286' title='bbox 809 3918 864 3980; x_wconf 90' lang='lat' dir='ltr'><strong>per</strong></span> <span class='ocrx_word' id='word_1_287' title='bbox 892 3907 988 3961; x_wconf 89' lang='lat' dir='ltr'><strong>totum</strong></span> <span class='ocrx_word' id='word_1_288' title='bbox 1017 3899 1110 3980; x_wconf 91' lang='lat' dir='ltr'><strong>diem,</strong></span> 
     </span>
     <span class='ocr_line' id='line_1_36' title="bbox 57 3998 1111 4089; baseline -0.006 -19"><span class='ocrx_word' id='word_1_289' title='bbox 57 4009 114 4072; x_wconf 90' lang='lat' dir='ltr'><strong>hoc</strong></span> <span class='ocrx_word' id='word_1_290' title='bbox 135 4017 183 4072; x_wconf 91' lang='lat' dir='ltr'><strong>est</strong></span> <span class='ocrx_word' id='word_1_291' title='bbox 204 4026 260 4089; x_wconf 88' lang='lat' dir='ltr'><strong>per</strong></span> <span class='ocrx_word' id='word_1_292' title='bbox 281 4026 372 4071; x_wconf 88' lang='lat' dir='ltr'><strong>omne</strong></span> <span class='ocrx_word' id='word_1_293' title='bbox 394 4007 524 4070; x_wconf 86' lang='lat' dir='ltr'><strong>Romani</strong></span> <span class='ocrx_word' id='word_1_294' title='bbox 544 4015 664 4085; x_wconf 87' lang='lat' dir='ltr'><strong>tempus</strong></span> <span class='ocrx_word' id='word_1_295' title='bbox 687 4001 818 4082; x_wconf 88' lang='lat' dir='ltr'><strong>imperii,</strong></span> <span class='ocrx_word' id='word_1_296' title='bbox 842 3998 994 4063; x_wconf 87' lang='lat' dir='ltr'><strong>Christum</strong></span> <span class='ocrx_word' id='word_1_297' title='bbox 1017 4009 1048 4065; x_wconf 87' lang='lat' dir='ltr'><strong>ot</strong></span> <span class='ocrx_word' id='word_1_298' title='bbox 1070 4019 1111 4066; x_wconf 86' lang='lat' dir='ltr'><strong>ex</strong></span> 
     </span>
    </p>

    <p class='ocr_par' dir='ltr' id='par_1_4' title="bbox 900 4113 957 4167">
     <span class='ocr_line' id='line_1_37' title="bbox 900 4113 957 4167; baseline 0.053 -3"><span class='ocrx_word' id='word_1_299' title='bbox 900 4113 957 4167; x_wconf 66' lang='lat'><strong>16*</strong></span> 
     </span>
    </p>
   </div>
   <div class='ocr_carea' id='block_1_3' title="bbox 0 0 1330 4434">
    <p class='ocr_par' dir='ltr' id='par_1_5' title="bbox 0 0 1330 4434">
     <span class='ocr_line' id='line_1_38' title="bbox 0 0 1330 4434; baseline 0 0"><span class='ocrx_word' id='word_1_300' title='bbox 0 0 1330 4434; x_wconf 95' lang='lat' dir='ltr'><strong> </strong></span> 
     </span>
    </p>
   </div>
  </div>
 </body>
</html>
