2634 4434
325 1433 559 1522 ΡΔΙῙΙιῙ
594 1437 859 1527 (moon

163 1602 168 1610 ’
275 1615 646 1695 Pnnsnumnnr
677 1577 922 1692 niernum

137 1775 1045 1925 HISTORIARUM

368 2034 528 2107 LIBER
567 2039 809 2110 TERTIUS.

485 2253 694 2263 ·---—-.........

330 2398 857 2472 mumulo.

151 2553 191 2616 Et
211 2558 372 2636 superiore
388 2559 452 2639 jum
475 2555 555 2617 libro
577 2561 765 2618 contestatus
785 2573 864 2635 sum,
887 2563 918 2619 et
934 2573 1016 2621 nuno
1031 2557 1120 2648 [144]

66 2658 243 2718 necessarie
260 2666 369 2740 repeto
390 2658 559 2720 secundum
582 2663 777 2737 praeceptum
799 2664 883 2720 tuum
907 2657 946 2720 de
972 2665 1122 2726 anteactis

68 2756 345 2822 conflictationibus
372 2759 507 2822 saeculis
534 2775 594 2818 nec
616 2757 718 2818 omnio
741 2775 799 2819 nec
819 2775 875 2838 per
896 2760 998 2821 omnic
1020 2779 1121 2843 posse,
1177 2783 1180 2790 ·
1205 2840 1207 2844 ι

68 2875 147 2937 quoe
169 2867 266 2940 gestu,
290 2867 322 2922 et
342 2861 423 2922 sicut
444 2865 530 2942 gesto
552 2863 634 2939 sunt,
656 2857 814 2938 explicari,
845 2860 989 2938 quonium
1013 2879 1123 2944 magna

68 2965 161 3038 atque
195 2962 357 3024 innumera
383 2960 595 3043 copiosissime
627 2965 661 3020 et
686 2977 704 3020 a
730 2959 868 3040 plurimis
893 2961 1005 3041 scripta
1033 2972 1120 3040 sunt;

67 3062 232 3140 scriptores
255 3071 356 3125 autem
385 3064 442 3125 etsi
471 3079 533 3124 non
561 3059 686 3123 eosdem
715 3077 836 3138 cousus,
868 3061 994 3150 eosdem·
1020 3071 1122 3127 tomen

67 3177 117 3222 res
138 3161 276 3226 habuere
298 3165 483 3245 propositos:
507 3161 621 3242 quippe
644 3177 715 3223 curu
737 3160 782 3222 illi
809 3160 905 3235 bello,
934 3177 990 3222 nos
1018 3161 1122 3224 bello-

68 3279 135 3322 rum
159 3263 296 3326 miserius
319 3265 506 3326 evolvamus.
549 3263 712 3324 Praeterea
734 3279 775 3322 ex
802 3260 860 3321 trec
886 3261 966 3338 ipsa,
995 3263 1033 3322 de
1062 3281 1122 3344 qua

69 3378 196 3442 queror,
219 3364 420 3442 abundantio,
443 3363 584 3444 angustio
607 3362 706 3422 oritur
727 3359 817 3439 mihi,
840 3365 872 3422 et
893 3360 1050 3425 concludit
1071 3383 1121 3429 me

68 3462 242 3524 sollicitudo
257 3465 418 3543 nodosior..
448 3463 480 3526 Si
496 3463 578 3524 enim
594 3460 696 3540 aliqua
711 3462 813 3524 studio
828 3461 988 3525 brevitatis
1003 3465 1122 3542 omitto,

69 3563 257 3642 putabuntur
277 3572 330 3626 aut
352 3564 426 3626 mihi
447 3582 531 3625 nuno
552 3561 706 3640 defuisse,
729 3569 782 3625 aut
804 3563 836 3624 in
859 3563 911 3624 illo
934 3570 1008 3626 tunc
1031 3561 1121 3636 [145]

69 3670 207 3744 tempore
229 3683 291 3726 non
313 3665 418 3747 fuisse.
462 3665 495 3728 st
516 3663 791 3744 verosignificere
819 3670 945 3740 cuncte,
975 3681 1033 3724 neo
1059 3679 1121 3722 ex·
1224 3666 1231 3673 ”

69 3765 202 3842 primere
224 3758 366 3843 studens,
389 3765 605 3846 compendioso
626 3764 777 3826 brevitate
799 3763 963 3842 succingo,
993 3759 1123 3825 obscuro

71 3863 193 3928 inciam:
230 3874 261 3928 et
289 3869 331 3928 ita
360 3867 439 3946 opud
468 3868 631 3946 pterosque
660 3871 750 3926 erunt
777 3863 872 3938 dicte,
901 3866 935 3921 ut
961 3877 1020 3923 neo
1042 3859 1123 3925 dicta
1157 3915 1160 3919 .

69 3966 246 4030 videantur:
273 3969 421 4045 maxime,
450 3985 520 4030 cum
542 3985 560 4029 e
582 3965 737 4029 contrario
758 3977 814 4024 nos
836 3958 897 4020 vim
920 3975 1038 4041 reruup
1060 3977 1123 4022 non

929 4075 944 4121 5
952 4072 968 4103 u
