2634 4434
713 292 760 362 10

208 533 290 616 quod
313 539 360 596 est
382 530 419 596 ab
443 528 538 595 abico
561 529 721 611 usquead
744 535 835 608 caput
857 536 888 590 et
903 535 1005 610 portas
1020 528 1161 605 Caucasi,
1184 546 1264 608 quae
1305 554 1306 561 ¹

208 635 339 702 suntad
363 619 539 710 meridiem,
567 639 678 713 gentos
705 637 777 692 sunt
804 632 1072 711 trigintauuatuor.
1118 629 1178 692 Sed
1200 650 1260 710 gc·

209 737 355 808 nataliter
387 735 475 816 regio
508 735 645 814 proxima
683 731 812 794 Albania
850 731 996 808 ulterior,
1033 731 1090 792 sub
1125 732 1200 794 mari
1235 738 1263 792 ot

209 845 312 909 monte
335 835 455 915 Caspio,
479 834 669 902 Amazonum
693 819 876 895 nominatur.

294 971 438 1054 Expliciti
471 979 544 1034 suat
577 990 668 1052 quam
707 972 888 1034 brevissime
925 972 1001 1035 tinas
1040 973 1145 1035 Asiae:
1170 954 1263 1034 'nunc

210 1073 277 1160 [23]
301 1075 469 1156 Europam,
498 1074 529 1136 in
553 1071 700 1154 quantum
723 1075 893 1154 cognitioni
916 1073 1048 1138 hominis
1071 1075 1261 1149 conceditur,

209 1179 290 1260 tlplo
316 1175 516 1258 pervagabor.
641 1201 648 1205 -
1305 1214 1306 1235 ,

296 1305 323 1364 A
346 1301 500 1364 montibus
522 1301 666 1382 Riphaeis
693 1321 728 1363 ac
757 1301 883 1364 hunnine
904 1303 1015 1379 Tanai,
1039 1301 1262 1383 Maeotidisque

209 1403 387 1487 paludibus,
411 1421 490 1485 quae
516 1411 588 1464 sunt
616 1403 849 1492 adorientem,
885 1421 939 1491 per
971 1403 1043 1464 litus
1071 1403 1262 1482 septentrio·
1305 1398 1306 1455 l

210 1507 288 1569 nalls
311 1505 418 1566 oceani
443 1522 541 1585 usque
564 1504 600 1566 ad
618 1501 744 1565 Galliam
760 1503 915 1584 Belgicam
938 1511 969 1564 et
984 1503 1097 1572 flueren
1113 1503 1263 1576 Rhenum,

210 1609 292 1690 quod
316 1613 363 1668 ost
385 1605 423 1668 ab
447 1623 569 1685 occasu,
592 1605 705 1667 deinde
728 1605 887 1685 usquead
911 1604 1096 1680 Danubium,
1120 1622 1212 1685 quom
1236 1611 1264 1664 ut
1305 1594 1306 1677 l

210 1709 318 1772 latrum
349 1713 478 1785 vocant,
512 1710 564 1788 qul
593 1715 640 1770 est
668 1727 684 1768 a
714 1707 842 1768 meridie
869 1706 906 1767 ad
932 1705 1090 1767 Orientem
1118 1707 1263 1780 directus,

210 1817 304 1890 ponto
328 1809 494 1888 excipitur:
516 1808 553 1870 ab
582 1810 703 1870 oriente
730 1807 839 1869 Alania
868 1813 929 1883 est,
964 1809 993 1868 in
1027 1808 1127 1869 modio
1160 1807 1265 1882 Dacia,

210 1910 264 1973 ubi
287 1917 319 1980 et
341 1907 465 1970 Gothia:
490 1909 602 1972 deindo
626 1907 788 1970 Germania
811 1913 868 1984 est,
891 1907 944 1968 ubi
968 1908 1126 1988 plurimum
1149 1916 1264 1988 partem

211 2011 306 2074 Sucvi
329 2015 452 2071 tenent:
484 2027 612 2090 quorum
643 2011 779 2072 omnium
807 2015 879 2071 sunt
905 2015 1016 2090 gentes
1043 2010 1266 2090 quinquaginta

212 2119 351 2197 quatuor.
395 2109 484 2173 Nune
518 2111 667 2192 quidquid
701 2110 860 2173 Danubius
888 2128 904 2171 a
934 2109 1092 2172 barbarico
1119 2110 1156 2179 ad
1185 2129 1267 2171 mare

211 2211 353 2275 Nostrum
390 2211 537 2290 secludit,
577 2213 747 2292 expediam.
792 2211 907 2273 Moesia
944 2210 981 2273 ab
1019 2213 1138 2272 oriente
1175 2210 1268 2272 babet

211 2316 288 2375 ostia
304 2312 438 2374 fluminis
454 2313 597 2391 Danubii,
621 2313 657 2376 ad
682 2331 758 2376 euro
773 2313 942 2390 Thraciam,
965 2331 982 2374 a
1005 2312 1134 2374 meridie
1157 2311 1266 2373 blacc-
1305 2346 1306 2393 p

212 2415 349 2492 doniam,
377 2414 415 2476 ab
441 2413 538 2475 ulrico
561 2415 757 2492 Dalmatiam,
780 2415 818 2478 ab
842 2433 953 2477 occasu
976 2415 1110 2493 istriam,
1132 2431 1150 2474 a
1173 2414 1268 2475 circio
1305 2410 1306 2465 l

211 2515 412 2594 Pannoniam,
436 2533 452 2576 a
475 2517 687 2596 septentrione
708 2517 893 2580 Danubium.

297 2654 425 2724 Thracia
448 2653 540 2718 habet
562 2655 599 2728 ab
627 2658 749 2720 oriente
777 2656 968 2736 Propontidis
995 2658 1095 2717 sinum
1125 2663 1158 2718 et
1184 2655 1266 2730 civi·
1305 2656 1306 2721 3

212 2762 304 2822 tatem
329 2755 639 2840 Constantinopolim,
666 2775 748 2838 quae
773 2755 956 2837 Byzantium
984 2757 1068 2836 prius
1096 2757 1177 2832 diota
1204 2763 1266 2831 est:
1305 2724 1306 2799 l

211 2876 228 2920 a
250 2859 461 2943 septentrione
490 2866 605 2940 partem
629 2859 814 2933 Dalmatiae,
842 2863 876 2918 et
901 2857 1002 2928 sinum
1029 2856 1144 2933 Euaini
1172 2857 1267 2938 ponti,

211 2958 249 3023 ab
273 2957 385 3030 occasu
408 2965 440 3020 et
461 2957 557 3021 airico
573 2958 794 3036 Macedoniam,
816 2975 834 3018 a
855 2957 984 3035 meridie
1000 2958 1157 3041 Aegaeum
1176 2977 1268 3028 marc.
1305 2994 1306 3033 ,

211 3058 389 3132 Macedonia
412 3059 504 3130 habet
526 3059 564 3122 ab
587 3059 707 3120 oriente
721 3061 877 3140 Aegaeum
901 3077 995 3137 mare,
1018 3079 1035 3132 a
1059 3061 1151 3135 borea
1166 3060 1266 3130 'lbra-
1305 3046 1306 3109 l

211 3162 299 3239 ciam,
322 3160 361 3232 ab
384 3177 460 3232 euro
483 3158 639 3230 Euboeam
663 3167 695 3221 et
710 3159 940 3234 Macedonicum
963 3163 1076 3239 sinum,
1096 3181 1115 3236 A
1139 3161 1267 3234 meridie

210 3262 374 3344 Achaiam,
407 3280 424 3324 a
457 3259 581 3328 favonio
615 3267 735 3330 montes
768 3261 1014 3340 Acrocerauntos
1047 3265 1079 3338 in
1117 3263 1268 3344 angustiis

212 3360 277 3446 [24]
301 3362 450 3436 Adriatici
471 3361 568 3436 sinus,
592 3362 646 3443 qui
668 3369 789 3434 montes
809 3371 883 3428 sunt
897 3373 1004 3438 contra
1016 3364 1158 3444 Apuliam
1171 3371 1267 3443 atnoe

210 3464 417 3538 Brundusium
441 3460 478 3524 ab
502 3477 614 3532 occasu
636 3462 834 3542 Dalmatiam,
855 3483 873 3527 a
899 3466 996 3540 ‚cinola
1022 3465 1222 3543 Dardaniam,
1249 3483 1267 3527 a

211 3565 421 3655 septentrione
435 3561 590 3638 Moesiam.
622 3561 742 3646 ‚Achaja
764 3565 903 3649 undique
925 3566 1144 3646 propemodum
1166 3567 1267 3649 cineta
1305 3572 1306 3653 t

212 3674 259 3735 est
282 3665 371 3738 maria
397 3681 466 3726 nam
487 3663 526 3736 ab
548 3665 669 3740 artene
696 3666 788 3742 tanat
815 3665 968 3748 barban
986 3665 1096 3750 boare,
1122 3667 1162 3743 ab
1188 3682 1267 3744 aare
1305 3666 1306 3757 l

211 3785 295 3840 maro
319 3765 498 3850 creticum,
511 3785 533 3838 a
557 3767 826 3844 maritatarum
845 3786 950 3846 nna,
967 3768 1012 3842 ab
1028 3766 1131 3846 arrha
1148 3775 1186 3840 ,a
1203 3784 1265 3844 aar

211 3883 285 3938 cam
319 3866 533 3956 cephaleniam
562 3875 599 3942 at
630 3867 807 3949 mann
835 3867 973 3961 insutas,
1005 3885 1023 3946 a
1052 3868 1267 3949 sunonem

210 3965 312 4042 sinum
340 3967 546 4050 Cenabum
567 3969 611 4050 ab
638 3967 975 4050 ratiocinantem
1003 3975 1104 4047 tanae
1126 3969 1267 4048 Ansam
