2634 4434
552 306 623 377 179

483 408 691 421 —nm-n

65 542 248 605 obscoenum
277 541 310 607 in
337 540 460 605 modum
487 541 570 605 nuda
602 548 635 605 et
661 542 768 623 lingue
801 540 958 623 paululum
991 550 1114 609 ammte

60 644 171 725 jacuit3
202 659 300 723 epuns
328 659 454 725 quoquo
481 642 563 723 ipse,
591 658 653 722 qno
680 640 825 704 utebatur
849 642 990 705 straturis
1019 642 1115 705 irenis

64 750 94 805 et
114 742 246 826 cingulis
269 742 424 807 dissolutis
445 743 556 823 passim
580 762 615 807 ac
640 743 803 823 dispersis,
831 744 981 805 exanimis
1009 742 1116 823 procul
1201 810 1204 815 ,

58 844 162 923 jncuit.
205 844 301 905 Parvo
331 850 399 923 post
426 842 485 907 hoe
513 845 685 909 intercessu
715 845 860 924 temporis
891 842 925 905 L.
958 843 1116 923 Veturius,

63 961 158 1025 eques
180 942 350 1021 Romanus,
378 942 539 1005 Aemiliam
568 944 720 1025 virginem
748 943 901 1006 Vestalem
929 942 1000 1006 lnr-
1027 937 1116 1025 [aad]

62 1045 124 1107 tiro
145 1050 251 1125 stupro
272 1044 391 1123 polluit.
428 1044 511 1105 Duas
527 1044 839 1125 praetermeantium
854 1044 993 1107 Vestales
1008 1044 1117 1107 eedem

62 1143 191 1207 Aemilia
221 1145 260 1208 od
286 1144 550 1225 perticipationem
585 1143 697 1207 incesti
730 1143 909 1206 sollicitatas
943 1143 1116 1207 contuber-

62 1245 182 1307 nalibus
210 1246 259 1308 sui
287 1245 474 1325 corruptoris
503 1244 646 1325 exposuit
676 1260 714 1304 no
745 1243 876 1307 tradidit.
918 1243 1037 1307 Iudicio
1063 1262 1118 1325 per

61 1362 186 1409 servum
209 1344 305 1423 lactc,
326 1345 510 1426 supplicium
534 1344 572 1407 de
594 1342 739 1407 omnibus
758 1351 891 1406 sumtum
914 1351 970 1407 est.
1005 1343 1118 1407 l'mdem

62 1454 226 1525 praeterea
241 1444 418 1527 iugurthini
440 1444 513 1508 belli
536 1444 725 1525 temporibus
744 1443 777 1505 L.
801 1443 923 1507 Cassius
950 1445 1058 1507 consul
1083 1445 1119 1507 in

59 1546 162 1609 Gallia
189 1545 353 1624 Tigurinos
387 1562 486 1625 usquc
518 1544 675 1607 Oceanum
709 1552 906 1622 persecutus,
933 1563 1119 1626 rursumque

59 1646 97 1709 ab
123 1644 242 1707 eisdem
265 1644 385 1707 insidiis
407 1644 646 1719 circumventus,
669 1644 790 1706 occisus
810 1651 868 1706 est.
897 1645 1012 1707 Lucius
1034 1662 1119 1725 qno-

61 1764 124 1827 que
140 1745 219 1821 Piso,
242 1745 292 1807 vir
310 1744 483 1809 aemularis
504 1742 624 1825 legatus
640 1742 738 1805 Cassii
759 1744 906 1823 consulis,
928 1743 1119 1806 interiectus.

62 1847 93 1909 i).
116 1844 264 1925 Popillius
287 1844 366 1905 alter
387 1844 518 1923 legatus,
541 1860 582 1905 ne
596 1842 721 1907 residue
737 1845 891 1906 exercitus
907 1846 1017 1925 partio,
1040 1862 1121 1925 queo

61 1948 92 2009 in
115 1952 217 2008 castra
239 1942 437 2024 cantugerni,
460 1942 633 2021 deleretur,
660 1942 787 2006 obsides
814 1952 845 2005 et
867 1944 1022 2007 dimidiam
1044 1963 1120 2023 par-

60 2054 123 2109 tem
148 2062 250 2107 rerum
272 2044 409 2107 omnium
426 2042 580 2124 Tigurinis
603 2043 778 2122 turpissimo
799 2042 927 2107 saedere
949 2046 1044 2123 dedit,
1065 2048 1121 2126 qui

62 2145 190 2210 Romam
206 2161 393 2222 reversum
409 2142 517 2205 Coelio
531 2142 655 2205 triliano
671 2143 769 2223 plebis
791 2145 842 2207 die
864 2146 944 2207 dicte
967 2162 1016 2222 eo,
1038 2147 1122 2225 qnod
1151 2172 1153 2176 ·

61 2246 220 2329 Tigurinis
246 2243 370 2307 obsides
398 2244 539 2322 dederat,
572 2246 604 2307 iu
638 2244 782 2308 exsilium
814 2244 958 2325 profugit.
1007 2245 1122 2326 Caepio

61 2345 248 2427 proconsule
277 2350 362 2425 capta
384 2341 462 2411 urbe
486 2342 661 2419 Gallorum,
688 2345 740 2405 cni
767 2362 880 2407 nomen
908 2352 955 2405 est
981 2344 1121 2422 Tolosae,
1253 2389 1257 2394 -

62 2453 189 2509 centum
212 2444 295 2506 mille
317 2443 418 2523 pondo
440 2444 507 2504 anri
526 2449 560 2507 at
581 2444 702 2523 argenti
717 2451 841 2505 centurn
857 2452 889 2504 et
904 2445 1011 2505 decem
1028 2444 1122 2521 mille,

62 2566 81 2609 e
102 2544 220 2626 templo
241 2543 393 2625 Apollinis
415 2541 554 2613 sustulit:
579 2541 663 2622 qnod
685 2558 755 2603 curn
776 2542 814 2604 ed
835 2542 1017 2620 Massiliam,
1038 2544 1121 2605 nmi-

63 2666 132 2711 cam
151 2645 263 2727 populo
278 2637 414 2705 Romano
436 2641 556 2720 urbem,
578 2660 647 2705 cum
671 2642 831 2722 praesidiis
852 2644 997 2724 misisset,
1019 2645 1119 2708 inter·

64 2748 157 2811 lectis
179 2724 257 2809 cl'am
284 2741 376 2825 (sicut
400 2742 525 2823 quidem
554 2742 777 2825 contestentur)
806 2745 918 2825 quibus
946 2764 983 2806 ee
1010 2752 1121 2806 ensto-

65 2848 179 2911 dicnda
199 2853 233 2910 et
254 2843 451 2926 pervehenda
473 2846 677 2922 commiserat,
699 2852 809 2909 runem
831 2864 887 2927 per
905 2845 1011 2908 scelus
1031 2844 1121 2906 lura·-

65 2956 115 3011 tns
144 2946 240 3011 fuisse
266 2952 423 3009 narratur:
449 2945 533 3012 unde
552 2946 648 3011 etiem
667 2964 779 3029 magne
802 2948 944 3028 quaestio
964 2952 1034 3029 post
1054 2945 1121 3009 lie·

65 3067 136 3111 mae
158 3055 224 3110 acta
250 3054 307 3111 est.

408 3228 599 3366 dupli
652 3224 776 3338 xvi.
1034 3264 1123 3352 {aar}

67 3421 124 3487 De
154 3420 238 3486 dello
267 3416 501 3515 Romanorum
536 3421 708 3485 adversae
734 3416 911 3506 Gimbros,
943 3419 1125 3492 Teutonas

68 3525 225 3607 altosque
236 3524 357 3607 pentes
369 3522 486 3603 perior
505 3518 565 3585 nbi
579 3524 614 3585 ei
626 3522 724 3587 cume
737 3522 909 3607 utrunque
918 3530 1124 3609 pupnatmu,

191 3622 259 3691 sert
279 3620 390 3689 Marii
410 3621 586 3689 industrio
607 3620 755 3689 Romani
774 3630 999 3707 superarunt.

156 3762 247 3825 Anno
269 3762 307 3827 ab
330 3761 411 3823 Urbe
433 3764 556 3827 condita
578 3764 719 3826 DCXLll.
757 3765 788 3826 0.
811 3764 941 3825 Manlius
962 3762 1071 3822 consul
1092 3768 1125 3824 et

71 3866 106 3939 Q.
134 3865 249 3945 Caepio
278 3862 462 3945 proconsule
488 3864 639 3927 adversus
672 3863 811 3927 Gimbros
840 3870 874 3923 et
907 3862 1060 3924 Teutonas
1091 3868 1126 3925 et

70 3965 235 4047 Tigurinos
258 3972 290 4027 et
311 3964 497 4043 rim-breme,
519 3962 676 4027 Gallorum
697 3961 982 4040 Germanorumque
1000 3970 1124 4043 gentes,
