2634 4434
547 310 595 382 75

54 545 88 606 de
118 545 244 608 victoria
276 563 401 608 suorum
436 549 652 627 comperisset,
685 555 869 629 scutumque
902 553 1097 616 exosculatus

53 654 137 722 esset,
158 653 275 708 remota
298 665 400 724 manu,
422 666 482 727 qua
498 648 611 710 vulnus
634 650 817 727 occluserat,
841 668 998 731 egressum
1021 669 1096 714 san-

52 747 149 828 guinis
178 766 214 808 ac
247 747 353 809 mortis
384 747 531 828 patefecit
561 752 737 812 introitum:
772 751 859 830 cujus
894 758 1021 814 mortem
1053 754 1099 814 sio

50 847 255 909 Thebanorum
277 848 408 944 perditio
430 850 595 913 subsecuta
617 858 674 928 est,
701 859 735 914 ut
757 869 820 914 non
841 852 1012 932 perdidisse
1035 852 1098 912 du·-

50 966 127 1025 cem,
154 947 210 1009 sed
224 950 295 1028 ipsi
323 967 392 1010 curu
415 968 453 1010 eo
475 959 549 1012 ωηο
571 953 688 1030 perisse
711 953 900 1016 viderentur.
946 952 1100 1014 Contexui

50 1049 216 1130 indigestae
242 1049 388 1111 historiae
415 1050 659 1112 inextricabilem
687 1060 801 1114 cratem
836 1061 929 1132 atque
964 1054 1099 1114 incertos
1166 1047 1169 1055 ‘

47 1148 194 1211 bellorum
217 1150 326 1226 orbes,
353 1149 415 1210 buc
443 1158 475 1211 ct
500 1151 575 1212 illuc
596 1152 780 1232 lymphatico
803 1151 908 1214 lurore
930 1160 1098 1234 gestorum,

49 1251 148 1312 verbis
164 1270 183 1312 e
198 1253 332 1332 vestigio
347 1257 472 1312 secutus
487 1251 639 1330 implicui:
664 1254 808 1332 quoniam
829 1259 913 1314 tanto
934 1247 981 1332 (ut
996 1247 1099 1331 uideo)
1174 1271 1176 1281 ο

47 1352 249 1414 inordinatius
269 1353 395 1432 scripsi,
416 1358 533 1430 quanto
554 1354 651 1434 magis
674 1353 812 1415 ordinem
835 1353 995 1416 custodivi.
1033 1351 1098 1412 lm-

47 1469 96 1530 pro
163 1453 338 1513 dominandi
359 1452 671 1514 Lacedaemoniorum
694 1454 859 1534 cupiditas,
889 1455 1010 1535 quantis
1037 1469 1098 1533 po·

45 1553 104 1631 puli
126 1597 135 1626 ,
153 1551 296 1629 qualibus
307 1550 444 1628 urbibus,
456 1553 570 1630 quibus
583 1555 761 1630 provinciis,
778 1555 947 1634 cujusmodi
959 1555 1100 1616 odiorum

45 1660 156 1728 motus,
182 1658 312 1730 quantas
334 1668 441 1711 causas
463 1652 663 1712 certaminum
686 1656 850 1729 suscitarit,
874 1656 943 1732 quis
964 1654 1014 1713 vel
1035 1671 1098 1714 nu-

45 1770 145 1829 mero,
175 1750 227 1811 vel
255 1752 379 1827 ordine,
406 1751 458 1811 vel
478 1752 599 1811 ratione
622 1749 782 1830 disponat‘l
804 1769 873 1813 cum
896 1753 953 1831 ipsi
976 1767 1100 1832 quoque

46 1871 106 1914 non
127 1851 198 1932 plus
220 1849 333 1912 adflicti
355 1850 445 1912 bellis
467 1867 557 1930 quam
581 1850 731 1911 bellorum
755 1851 937 1914 contusione
955 1851 1099 1914 releran-

46 1962 108 2014 tur:
133 1953 298 2032 siquidem,
320 1959 417 2013 tracto
439 1969 495 2032 per
509 1951 626 2030 aliquot
639 1958 756 2014 aetates
771 1952 829 2014 boc
845 1953 991 2014 continuo
1007 1953 1099 2030 bello,

46 2055 269 2130 Athenienses,
302 2053 553 2129 Lacedaemonii,
590 2052 742 2130 Arcades,
779 2053 915 2131 Boeotii,
952 2053 1100 2127 Thebani,

48 2163 203 2234 postremo
224 2153 362 2235 Graecia,
382 2154 467 2233 Asia,
490 2154 603 2232 Persis,
623 2161 716 2234 atque
738 2153 899 2236 Aegyptus
921 2173 990 2216 cum
1014 2150 1101 2234 [155]

46 2254 142 2337 libya
165 2255 336 2335 insulisque
357 2257 507 2332 maximis,
531 2255 656 2317 navales
675 2255 766 2316 simul
782 2255 1003 2335 pedestresque
1018 2271 1100 2314 oon-

47 2354 149 2418 lliotus
177 2357 350 2418 indiscretis
370 2375 466 2436 egere
489 2355 688 2418 discursibus.
733 2356 861 2417 llelerre
884 2373 973 2417 caesa
996 2355 1101 2415 borni-

48 2473 116 2518 num
150 2457 244 2517 millia
271 2474 333 2517 uon
361 2474 498 2535 possem,
529 2459 619 2518 etiam
647 2457 675 2515 si
704 2454 784 2515 bella
814 2467 1017 2515 numerarem.
1062 2456 1103 2512 At

47 2576 130 2620 nuuc
154 2558 292 2637 increpet
313 2557 391 2618 baec
408 2564 547 2636 tempora
561 2563 655 2635 atque
670 2551 721 2614 illa
737 2552 900 2630 collaudet,
924 2555 1103 2634 quicunque

48 2660 148 2721 nescit
170 2657 263 2719 bosca
286 2675 393 2719 ornnes
420 2658 545 2720 istarum
572 2656 695 2718 urbium
724 2655 1012 2735 provinciarumque
1040 2671 1100 2735 po-

47 2760 154 2840 pulos,
188 2760 228 2820 ita
262 2777 346 2820 nuuc
377 2760 408 2820 in
441 2758 516 2821 solis
544 2759 625 2820 ludis
653 2775 689 2818 ac
717 2757 843 2818 theatris
866 2773 1102 2832 consenescere,

47 2862 139 2922 sicuti
163 2868 235 2922 tunc
256 2861 290 2922 in
312 2861 420 2920 castris
442 2862 573 2921 maxime
589 2857 776 2940 praeliisque
792 2857 936 2919 tabuisse.
969 2855 1100 2916 Floren-

47 2963 165 3025 tissima
197 2962 265 3039 illa,
300 2967 332 3022 et
363 2961 457 3022 totius
490 2968 564 3022 tunc
592 2961 753 3039 imperium
788 2957 922 3019 Orientis
955 2957 1104 3026 allecturus

46 3062 359 3126 lacedaemoniorum
382 3062 500 3139 civitas,
522 3063 576 3123 uix
598 3067 722 3122 centum
745 3059 859 3120 habere
879 3060 978 3138 potnit
992 3076 1100 3120 senes:

48 3165 88 3225 ita
112 3161 347 3225 incessabilibus
369 3162 578 3224 circumventa
593 3161 691 3235 malis,
714 3161 890 3221 immaturas
908 3159 1021 3220 misere
1041 3175 1102 3218 cx·-

47 3264 203 3345 pendebat
235 3269 366 3324 aetates:
402 3270 433 3323 et
465 3269 639 3342 queruntur
671 3277 753 3320 nunc
783 3258 938 3336 homines,
973 3276 1103 3337 quorum

48 3365 184 3426 refertae
205 3365 309 3444 pueris
332 3371 362 3424 et
385 3363 511 3424 senibus
534 3363 684 3436 civitates,
708 3375 815 3420 secura
834 3359 983 3438 juvenum
1006 3379 1104 3440 pere-

47 3467 224 3544 grinatione
246 3466 397 3541 ditantur,
419 3461 616 3542 pacificisque
639 3461 795 3521 exercitiis
818 3461 968 3540 stipendia
991 3461 1103 3524 dorne-

48 3568 145 3626 sticae
168 3566 332 3645 voluptatis
355 3563 542 3644 adquirunt?
571 3561 631 3622 nisi
660 3560 738 3622 lorle
762 3560 807 3640 (ut
829 3561 1102 3624 adsolentbuma-

48 3685 108 3727 nae
129 3664 325 3727 mutabilitati
348 3669 448 3727 omnia
471 3664 597 3726 sordere
620 3661 804 3743 praesentia)
828 3663 978 3724 novitates
1000 3675 1104 3722 rerum

48 3775 120 3829 actu
151 3767 324 3846 audiarquc
352 3765 561 3848 prurientibus
594 3765 660 3844 ipsa
688 3765 779 3826 etiam
807 3764 871 3826 vita
898 3760 1020 3829 fastidio
1048 3765 1105 3820 est.
