2634 4434
66 557 134 637 qnid
161 560 309 639 atrocius,
342 579 411 623 cum
444 578 556 642 corpus
583 580 600 623 a
627 560 727 642 capite
756 562 912 626 delectum
939 583 1015 647 per·
1043 566 1110 652 [os]

64 657 205 722 ditionem
233 661 317 742 ejus,
343 679 400 742 per
428 662 510 742 quod
536 661 687 742 spirabat,
710 662 925 727 minitaretur?
947 674 1112 751 actumque

63 757 99 818 de
120 759 254 823 Romano
276 764 401 826 nomine
422 763 566 826 intestina
589 762 728 844 pernicie
750 762 847 844 soret,
875 766 936 828 nisi
963 775 1112 840 maturata

60 861 268 924 reconciliatio
301 861 506 943 subrepsisset
538 864 638 944 prius,
676 882 766 945 quam
799 883 835 927 se
867 867 1016 930 discessio
1048 871 1114 950 ipsa

60 969 268 1040 cognosceret.
301 963 397 1045 Urget
418 965 568 1044 se'atque
590 965 730 1025 imminet
750 963 810 1026 sibi
832 973 919 1029 extra
933 968 1001 1031 illas
1016 988 1112 1050 aper-

58 1064 101 1121 tas
123 1061 276 1125 bellorum
299 1062 402 1124 clades
424 1079 570 1128 successu
593 1065 707 1126 misero
729 1064 919 1128 clandestina
940 1070 1110 1148 pernicies:

59 1161 171 1241 quippe
196 1163 228 1225 T.
249 1162 409 1245 bagnoio,
444 1171 476 1226 et
507 1165 537 1227 P.
570 1162 706 1225 Minucio
739 1165 934 1244 consulibus,
968 1168 1029 1230 dno
1061 1171 1113 1232 vel

56 1264 188 1326 maxima
210 1265 345 1346 omnium
369 1265 516 1327 malorum
539 1263 801 1343 abominamenta,
829 1263 926 1329 sames
954 1275 987 1330 et
1010 1273 1112 1350 pesti-

55 1359 151 1426 lentia
185 1363 297 1428 fessam
324 1365 436 1429 Urbem
466 1367 652 1447 corripuere.
697 1364 855 1428 Cessatum
883 1374 932 1429 est
958 1371 1113 1452 paulisper

54 1465 237 1542 apraeliis‚
265 1473 417 1545 cessatum
444 1474 547 1528 tamen
569 1485 587 1526 a
609 1466 759 1528 mortibus
780 1483 842 1528 non
864 1475 921 1530 est,
965 1470 1112 1551 Veje'ntes

54 1567 82 1623 et
103 1562 244 1640 Etrusci,
267 1581 376 1643 graves
396 1566 512 1642 hosteS,
534 1566 686 1644 adjunctis
707 1566 779 1628 sibi·
788 1566 986 1632 finitimorum
1013 1574 1112 1652 copiis

52 1661 82 1722 in
104 1662 194 1725 bella
216 1670 391 1744 surgentes,
414 1664 512 1724 obviis
534 1663 572 1726 Μ.
594 1665 698 1741 Fabio,
726 1672 758 1725 et
780 1664 835 1727 Gn.
857 1666 970 1730 Manlio
992 1688 1111 1731 consu·

51 1759 135 1824 libus
171 1764 384 1844 excipiuntur:
419 1763 474 1826 ubi
501 1769 819 1844 pestsacramentum
841 1763 1021 1850 jurationis,
1051 1786 1113 1848 quo

51 1879 85 1924 se
106 1863 241 1926 Romani
263 1864 469 1940 devoverant,
499 1881 560 1926 non
588 1864 648 1926 nisi
676 1869 743 1944 post
772 1864 931 1926 victoriam
954 1867 992 1929 ad
1014 1876 1113 1930 cestra

50 1962 222 2042 redituros,
244 1965 322 2026 adeo
344 1971 432 2026 atrox
454 1971 609 2027 certamen
632 1963 700 2041 tuit,
723 1969 756 2025 et
775 1964 866 2026 vietis
880 1965 1112 2049 victoribusque

49 2079 105 2140 par
128 2062 241 2141 forma,
268 2071 303 2125 ut
324 2065 435 2129 amisso
453 2065 584 2144 plurimo
600 2066 750 2142 exercitu,
773 2065 947 2144 occisisque
962 2069 994 2129 in
1010 2086 1112 2150 pugna

49 2160 170 2226 Manlio
193 2165 322 2228 consule
344 2172 376 2229 et
389 2164 482 2228 Fabio
505 2166 671 2242 consulari,
693 2163 732 2225 Μ.
755 2164 866 2227 Fabius
888 2167 997 2228 consul
1019 2170 1111 2230 obla-

49 2269 117 2325 tum
147 2263 210 2326 sibi
243 2283 260 2326 a
292 2272 402 2328 senatu
434 2264 619 2346 triumphum
652 2266 811 2345 suscipere
842 2275 1011 2345 recusaret,
1046 2260 1137 2352 [991‘

50 2365 126 2443 quia
143 2365 239 2427 tantis
254 2365 452 2447 Reipublicae
474 2365 666 2428 detrimentis
688 2366 789 2427 luctus
810 2366 911 2445 potius
934 2367 1113 2432 debebatur.

50 2461 285 2528 Gloriosissima
321 2466 373 2528 illa
408 2483 538 2527 numero
575 2473 608 2527 et
643 2465 761 2526 viribus
792 2464 954 2525 Fabiorum
987 2465 1113 2544 familia,

48 2562 263 2647 VeJentannm
278 2567 385 2630 sortita
401 2572 567 2642 certamen,
588 2571 731 2644 quantam
746 2562 937 2641 reipublicae
952 2564 1114 2628 orbitatem

49 2681 171 2726 occasu
193 2682 251 2728 suo
274 2665 427 2744 intulerit,
454 2663 619 2728 infamibus
641 2681 742 2744 usque
768 2663 806 2725 ad
833 2681 917 2725 nunc
943 2666 1114 2746 vocabulis,

49 2770 153 2828 testes
168 2764 455 2845 suntfluvius,qui
477 2765 619 2845 perdidit,
642 2772 674 2826 et
694 2771 792 2845 porta,
814 2783 895 2844 qnae
908 2765 1006 2828 'misit
1038 2767 1115 2828 Nam

48 2883 124 2928 cunr
149 2883 210 2928 sex
231 2874 263 2928 et
284 2866 415 2929 trecenti
442 2864 542 2942 Fabii,
569 2883 644 2927 vere
672 2864 840 2927 clarissima
865 2863 994 2927 Romani
1019 2873 1116 2929 status

45 2964 191 3043 lumina,
225 2967 359 3044 speciale
391 2966 450 3030 sibi
483 2965 630 3027 adversus
659 2965 806 3047 Veientes
839 2965 967 3027 decerni
998 2966 1114 3028 bellum

47 3067 298 3146 expetivissent,
330 3085 416 3148 spem
449 3073 566 3128 temere
598 3071 737 3144 sumptae
770 3066 976 3144 expeditionis
1008 3068 1114 3146 primis

43 3166 256 3229 successibus
278 3166 491 3229 firmaverunt:
516 3165 627 3228 debinc
643 3165 760 3227 inducti
775 3167 808 3227 in
823 3165 960 3241 insidias,
976 3167 1113 3227 circum-

43 3269 210 3346 ventique
232 3266 269 3328 ab
292 3266 446 3345 hostibus,
476 3283 583 3329 omnes
610 3266 725 3327 ibidem
753 3265 897 3326 trucidati
929 3270 1015 3325 sunt:
1050 3281 1114 3327 uno

42 3373 178 3430 tantum
215 3367 253 3428 ad
289 3367 512 3430 enunciandam
546 3366 664 3428 cladem
696 3369 869 3440 reservato,
896 3369 940 3439 ⁸ut
971 3365 1114 3428 miserius

42 3469 183 3530 audiret
210 3469 305 3546 patria
331 3467 484 3547 perditos,
518 3485 609 3546 quam
635 3464 827 3545 perdidisset.
870 3462 920 3525 Ad
947 3464 1024 3528 bace
1051 3483 1115 3528 non

40 3569 175 3632 Romae
192 3575 307 3633 tantum
324 3569 395 3632 talia
409 3568 606 3651 gerebantur,
629 3566 686 3629 sed
708 3582 850 3646 quaeque
871 3565 1029 3645 provincia
1050 3567 1115 3628 suis

41 3669 186 3752 ignibus
208 3671 380 3732 aestuabat:
405 3677 437 3732 et
458 3669 541 3751 qnod
563 3675 653 3748 poeta
674 3666 858 3747 praecipuus
884 3666 918 3727 in
943 3682 1006 3729 nna
1032 3664 1114 3726 Urbe

39 3769 235 3849 descripsit,
258 3787 317 3850 ego
339 3769 377 3832 de
401 3776 464 3832 toto
487 3768 569 3831 Orbe
592 3767 740 3830 dixerim:

376 3866 536 3936 Crudelis
557 3866 692 3952 ubique

167 3965 315 4050 Luctus,
337 3969 462 4054 adipate
481 3988 602 4053 panor,
625 3971 660 4033 cl
678 3966 828 4070 plurime
848 3964 970 4030 mertia
993 3964 1115 4049 imago.

944 4081 963 4130 4

1253 3893 1265 3924 S
