2634 4434
705 343 777 413 114

634 445 842 456 --.----

214 598 283 644 cum
305 595 425 658 omnes,
446 586 510 641 tum
530 579 696 659 praecipua
712 577 857 640 mulieres
873 576 1070 657 pecudesque
1086 579 1259 658 corripiens,

214 683 331 743 necatis
352 681 385 743 in
406 686 498 742 utero
517 677 669 756 luctibus,
693 677 794 740 lutura
816 675 907 765 prole·
924 669 1075 740 vacuabat
1097 685 1128 740 et
1155 680 1259 741 immu-

213 782 291 844 taris
311 781 460 861 partubus
481 793 549 841 cum
572 777 710 859 periculo
735 785 861 840 matrum
885 778 1004 839 extorti
1019 777 1144 840 abortus
1168 781 1260 858 proii-

214 881 391 944 ciehanture
419 881 497 944 adeo
523 886 560 941 ut
579 877 738 942 celeuma
761 878 918 940 successio
941 884 973 938 et
994 876 1176 941 defuturum
1195 881 1260 942 ani·

214 983 361 1044 manlium
393 994 507 1063 genus,
545 977 687 1059 adempto
719 978 822 1041 vitalis
852 983 956 1057 partus
988 977 1127 1059 legitimo
1160 979 1262 1042 ordino

214 1077 303 1164 [tro]
331 1082 519 1144 crederetur.-
562 1079 683 1142 interea
716 1091 876 1141 reuersum
910 1095 951 1139 ex
985 1078 1088 1140 Sicilia
1121 1079 1262 1160 Pyrrhum

215 1179 326 1244 canuc
354 1180 464 1245 concur
489 1184 628 1260 excepit3
657 1180 844 1258 tertiumque
871 1178 902 1240 id
925 1178 1039 1240 bellum
1061 1186 1168 1242 contra
1189 1180 1261 1260 Epi·
1309 1203 1310 1226 1

213 1288 306 1360 rotas,
326 1283 406 1363 apud
423 1282 587 1343 Lucaniam
604 1282 635 1342 in
652 1279 797 1340 Arusinis
813 1279 928 1358 campis
942 1286 1064 1360 gestum
1080 1286 1133 1342 est
1162 1279 1263 1361 ltaque
1309 1323 1310 1326 ,

214 1384 311 1463 primo
326 1395 489 1460 concursu,
509 1394 580 1444 cum
596 1379 703 1463 Pyrrhi
719 1377 830 1441 milites
844 1377 1074 1441 Romanorum
1065 1383 1310 1460 impressione

214 1483 403 1563 trepidarent
430 1488 462 1544 ct
487 1483 778 1562 circumspectantes
805 1473 909 1562 iugum
931 1479 1013 1542 bello
1037 1480 1150 1543 celere
1173 1480 1263 1544 moli·

213 1590 332 1662 rentur,
355 1575 488 1664 Pyrrhus
508 1581 688 1662 elephantos
710 1599 750 1643 ex
771 1579 917 1642 subsidiis
934 1582 1028 1662 jussit
1049 1581 1164 1644 induci
1201 1581 1263 1643 llo-
1309 1601 1310 1616 ¹

215 1684 297 1744 moni
319 1682 469 1746 adsueti
460 1697 520 1766 pam
539 1695 677 1766 pugnare
693 1693 762 1744 cum
779 1681 899 1758 belluis,
923 1696 991 1742 cum
1009 1681 1166 1744 malleolos
1181 1691 1264 1762 stupu
1309 1691 1310 1710 ¹

215 1784 371 1846 involutos
404 1797 441 1845 ac
466 1785 536 1863 pice
570 1777 696 1859 oblitos,
727 1783 817 1844 uncis
844 1781 972 1861 insuper
997 1782 1113 1844 aculeis
1142 1791 1263 1846 tenaces
1309 1777 1310 1814 u

214 1884 490 1962 praeparavissent,
513 1895 634 1961 cosque
652 1882 821 1943 flammatos
840 1882 873 1942 in
896 1887 982 1964 terga
1004 1883 1174 1946 belluarum
1198 1892 1264 1946 tur-

214 1998 330 2062 resque
349 1982 517 2059 vibrarent,
539 1995 601 2043 non
624 1981 750 2044 difficile
773 1979 913 2044 furentes
927 1983 1133 2064 ardentesque
1150 1979 1265 2047 belluas

215 2084 247 2143 iu
276 2095 383 2144 comm
412 2083 548 2160 excidia,
576 2093 707 2163 quorum
735 2082 871 2145 subsidia
900 2082 1038 2163 lucrant,
1067 2091 1264 2146 retorserunt.

215 2181 379 2264 Octoginta
407 2183 502 2245 millio
529 2183 668 2264 peditam
694 2183 725 2244 in
753 2182 807 2245 illc
838 2184 955 2264 praelio
986 2185 1131 2248 habuisse
1162 2195 1266 2267 regem

215 2283 336 2360 dicunt,
360 2284 498 2364 equitum
520 2299 596 2345 vero
618 2295 675 2344 sex
697 2283 798 2347 millia.
841 2283 888 2343 Ex
910 2279 956 2346 his
979 2303 1068 2346 caesa
1082 2283 1266 2347 'reseruntur

215 2384 340 2464 triginta
362 2385 419 2445 tria
442 2385 552 2462 millia,
579 2387 658 2465 capti
681 2392 782 2446 autem
805 2388 876 2442 sunt
899 2381 981 2442 mille
1005 2387 1142 2446 trecenti.
1191 2387 1264 2467 Pyr-

214 2480 289 2545 rhus
311 2479 419 2564 quiuto
441 2485 563 2546 demum
585 2501 681 2558 anno,
705 2497 795 2560 quam
818 2487 961 2558 venerat,
990 2480 1027 2543 ab
1055 2480 1141 2544 ltalia
1168 2487 1264 2548 victus

214 2581 350 2663 aufugit,
378 2586 432 2664 qui
460 2593 528 2666 post
554 2585 647 2645 multa
674 2580 917 2661 gravissimaque
938 2580 1035 2659 bella,
1059 2599 1139 2662 quaa
1160 2587 1264 2666 gessit,
1307 2613 1308 2626 κ

215 2683 248 2742 in
264 2680 390 2746 Graecia
405 2687 486 2766 apud
500 2686 610 2763 Argos,
626 2679 762 2742 Achaiae
776 2679 1021 2744 florentissimam
1037 2683 1156 2762 urbem,
1170 2685 1264 2765 Spar-

215 2783 277 2845 tani
299 2786 389 2866 regni
411 2787 555 2847 aviditate
582 2781 743 2856 seductus,
773 2795 847 2841 saxo
875 2782 955 2843 ictus
982 2783 1136 2846 occubuit.
1182 2785 1264 2846 'lunc

215 2900 341 2964 quoquc
367 2883 626 2962 apuuouomanos
655 2879 797 2962 Sextilia,
830 2881 918 2961 virgo
945 2880 1093 2961 Vestalis,
1128 2886 1264 2946 convictu
1303 2911 1307 2964 p

215 2983 418 3060 damnataque
443 2980 553 3043 incesti
581 2979 619 3042 ad
646 2986 764 3060 portam
786 2979 934 3043 Collinam
963 2983 1032 3045 viva
1060 2983 1181 3048 defossa
1211 2990 1262 3047 est
1306 2965 1307 3028 ἓ

215 3265 304 3352 [220]
574 3231 769 3369 bapti
819 3221 906 3339 lll.

235 3436 384 3503 Romani
406 3433 618 3504 Tarentinos
645 3455 722 3503 cum
745 3437 889 3505 metuo
910 3433 1242 3522 Curthcptnicneium

277 3536 418 3603 vincunt
442 3541 478 3604 et
496 3539 534 3605 in
555 3542 711 3605 octauum
732 3537 895 3620 cepionem
917 3540 1202 3606 animadvertunt.

298 3689 390 3753 Anno
411 3692 449 3753 ab
472 3690 554 3752 Urbe
576 3691 698 3752 condita
722 3689 934 3752 ccccuxxu
957 3692 1129 3764 Tarentini,
1159 3687 1259 3769 Pyrrhi

214 3797 312 3852 morte
327 3797 492 3870 comperta,
510 3791 620 3849 iterum
637 3807 716 3852 nova
733 3789 894 3852 adversum
910 3789 1061 3853 Romanos
1075 3807 1157 3852 arma
1173 3787 1258 3852 solll-

215 3894 324 3965 citant‚
353 3887 648 3968 Carthaginiensium
670 3888 784 3951 auxilia
806 3905 861 3969 per
882 3890 999 3972 legatos
1020 3898 1151 3972 poscunt
1171 3897 1258 3968 atquc

214 3990 377 4066 accipiunt.
421 3987 571 4051 Conserto
592 3987 709 4068 praelio
730 3989 834 4052 vicere
857 3990 999 4054 Romani:
1034 3991 1118 4054 uhi
1105 4006 1168 4070 pam
1191 3996 1258 4050 tuuc
1303 3995 1304 4002 ’
