2634 4434
723 292 796 362 174

231 532 351 595 duobus
364 529 436 593 tiliis
451 529 574 593 annatis
589 530 720 608 cinctus,
734 528 902 597 comitante
914 527 1008 591 etiam
1025 525 1166 591 Gncebo
1182 535 1274 612 togato
1313 509 1314 562 ³

229 633 419 711 brevemque
430 630 568 712 ¹gladium
584 630 641 693 sub
656 632 780 693 sinistra
794 627 979 706 occultante,
995 630 1135 709 qnamv‘u
1145 636 1179 693 ot
1189 649 1273 710 prac-
1313 621 1314 644 ¹

229 746 338 795 eonem
355 732 466 793 trustra
482 731 700 811 praemisisset,
716 732 770 812 qui
784 746 892 793 serras
905 729 945 791 ad
959 729 1132 792 libertatem
1148 739 1274 808 vocarat,

191 900 197 909 ,
227 832 351 896 lanium
384 839 527 911 tauquam
561 848 664 893 arcem
691 830 868 911 occupavit:
898 837 1004 893 eontra
1032 830 1069 891 b.
1097 830 1211 894 Brutus
1236 834 1274 893 rir

228 933 438 996 consularisa
466 931 554 993 Clivo
582 930 720 993 Publicio
747 949 817 994 cum
845 932 965 1013 ingenti
991 931 1161 993 certamine
1188 933 1273 994 irruit

227 1032 274 1097 lbi
296 1033 421 1095 Flaccus
449 1032 502 1094 diu
530 1031 769 1095 obstinatissime
795 1032 965 1108 dimicavit3
992 1029 1166 1110 Graecias,
1192 1039 1273 1111 post-

229 1151 320 1213 quam
343 1134 375 1201 in
402 1133 549 1214 templum
576 1131 735 1195 Minervae
759 1140 946 1210 secesserat,
971 1132 1076 1215 gladio
1102 1132 1273 1195 incumbere

226 1234 336 1296 volens
364 1234 542 1296 interventu
568 1232 702 1295 bacterii
728 1239 868 1295 retentus
897 1239 952 1296 εει.
995 1232 1104 1313 ltaque
1130 1252 1201 1295 eum
1229 1234 1273 1295 diu

229 1330 319 1408 [att]
342 1349 455 1411 anceps
478 1332 591 1394 bellum
615 1333 801 1414 agitaretur,
824 1331 946 1393 tandem
968 1333 1119 1414 sagittarii
1140 1334 1179 1395 ab
1202 1334 1271 1413 Opi-

227 1434 290 1495 mio
323 1433 407 1495 missi
441 1438 615 1499 consertam
646 1431 872 1494 multitudinem
910 1432 1171 1497 disturbaverunt
1213 1434 1272 1495 Duo

226 1532 337 1610 Flacci,
363 1539 450 1613 pater
477 1530 630 1611 filiusque,
654 1550 723 1614 cum
746 1549 801 1612 per
822 1532 930 1595 aedem
952 1532 1058 1595 Lunae
1079 1536 1111 1595 iu
1133 1535 1272 1615 privatam

227 1633 350 1695 domum
372 1632 587 1709 desiluissent,
613 1630 760 1711 foresque
782 1630 984 1713 objecissent,
1006 1634 1139 1695 rescisso
1162 1635 1272 1695 cratitio

225 1734 344 1814 pariete
360 1731 589 1796 confessisunt.
628 1730 784 1794 Gracchus
805 1733 858 1795 diu
879 1750 933 1812 pro
953 1750 988 1795 se
1009 1734 1114 1795 amicis
1133 1752 1271 1815 pugnan-

224 1834 307 1895 tibus
326 1852 365 1895 ac
386 1830 588 1913 pereuntibus
608 1846 704 1913 aegm
725 1832 764 1893 ad
785 1839 909 1911 pontem
935 1832 1098 1895 sublicium
1120 1836 1270 1914 pervenit:

225 1934 332 2013 ibique
359 1952 398 1995 ne
425 1934 515 1993 vivus
543 1940 721 2011 caperetur,
744 1933 900 1994 cervicem
926 1950 1019 1995 servo
1046 1948 1104 1995 suo
1131 1936 1272 2015 praebuit.

226 2033 323 2113 Geput
353 2031 481 2093 Gracchi
514 2034 671 2110 excisum,
702 2032 825 2095 consuli
849 2034 983 2095 adlatum
1011 2041 1074 2111 εει,
1102 2051 1215 2115 corpus
1240 2036 1273 2097 ad

226 2132 398 2195 corneliam
420 2139 547 2195 matrem
569 2132 722 2195 Misenum
743 2133 886 2213 oppidum
910 2133 1072 2199 derectam
1095 2143 1153 2197 ast
1197 2136 1272 2218 llaec

223 2240 326 2295 autem
349 2233 503 2309 Cornelia,
525 2232 664 2296 Africani
683 2232 808 2313 majoris
822 2232 895 2315 tilia,
909 2233 1059 2297 blisanuna
1082 2243 1151 2316 post
1168 2238 1272 2316 prioris

223 2331 277 2394 lilii
293 2340 422 2395 monem
442 2340 622 2397 secesserat.
654 2333 738 2396 Boua
751 2332 880 2396 Graecbi
892 2334 1138 2415 publicatasunt,
1152 2336 1272 2401 Flaccus

223 2432 404 2495 adolescens
422 2434 456 2495 in
476 2431 588 2495 robore
608 2441 737 2497 necatus
758 2442 813 2498 εει
847 2434 896 2497 Ex
916 2434 1050 2497 factione
1061 2435 1197 2500 Gracchi
1216 2438 1271 2501 du·

223 2533 306 2595 oenti
329 2526 551 2615 quinquaginta
574 2534 606 2595 in
628 2534 785 2598 Aventino
808 2538 891 2598 eaesi
912 2534 1100 2599 referuntur.
1138 2536 1271 2618 Opimius

222 2631 331 2693 consul
351 2633 434 2694 sieut
453 2634 487 2694 in
510 2632 592 2695 ballo
614 2632 703 2696 torus
725 2634 794 2716 luit,
815 2636 858 2697 tm
877 2638 912 2698 in
935 2637 1116 2716 quaestione
1131 2638 1270 2716 erudelis

221 2728 311 2814 [dib]
342 2730 419 2795 llam
450 2731 580 2813 anplius
606 2752 700 2813 quam
728 2734 785 2797 tria
811 2735 911 2798 millia·
934 2736 1091 2799 bominum
1118 2736 1270 2820 suppliciis

220 2832 360 2895 mavit:
387 2850 429 2895 ax
455 2831 569 2912 quibus
593 2832 719 2913 plurimi
745 2851 786 2896 ne
814 2834 895 2900 dieto
916 2838 1042 2918 quidem
1062 2855 1157 2902 causa
1180 2839 1269 2901 inno·

220 2938 328 2993 cauom
347 2930 506 2994 ›mlerieoti
526 2938 607 2993 sunt.

555 3180 755 3322 oepit
805 3185 943 3299 xttt.

260 3382 428 3461 Baleares
449 3386 584 3453 inantus
604 3408 627 3455 u
653 3387 795 3460 Metello
821 3394 1002 3477 subactas,
1029 3394 1232 3479 Allobropca

312 3499 342 3551 o·
356 3480 506 3555 Domitio
527 3490 637 3557 victos
653 3488 783 3577 finitae,
809 3494 1025 3583 ticinumque
1044 3515 1176 3563 mrcuc

649 3610 840 3661 ecormcoc.

297 3736 410 3803 lisdem
433 3741 621 3821 temporibus
636 3742 778 3808 Metellus
792 3746 936 3812 Baleares
950 3750 1065 3813 insulas
1085 3750 1171 3813 bello
1193 3770 1270 3833 pcr-

208 3845 342 3917 ungulas
355 3840 505 3917 edomuit,
526 3848 558 3903 ει
573 3842 729 3920 piraticam
744 3844 985 3929 tatesutionem,
1008 3868 1089 3932 quae
1104 3851 1142 3913 ab
1158 3852 1272 3915 iisdem

214 3938 289 4018 tune
298 3935 507 4019 exoriebatur,
519 3940 650 4022 plurima
661 3944 830 4011 incolarum
843 3950 939 4013 caede
947 3953 1140 4031 compressit.
1163 3952 1272 4017 ductu
