<?xml version="1.0" encoding="UTF-8"?>
<!DOCTYPE html PUBLIC "-//W3C//DTD XHTML 1.0 Transitional//EN"
    "http://www.w3.org/TR/xhtml1/DTD/xhtml1-transitional.dtd">
<html xmlns="http://www.w3.org/1999/xhtml" xml:lang="en" lang="en">
 <head>
  <title>
</title>
<meta http-equiv="Content-Type" content="text/html;charset=utf-8" />
  <meta name='ocr-system' content='tesseract 3.04.00' />
  <meta name='ocr-capabilities' content='ocr_page ocr_carea ocr_par ocr_line ocrx_word'/>
</head>
<body>
  <div class='ocr_page' id='page_1' title='image "./pauliorosiipres00havegoog_0105.png"; bbox 0 0 2634 4434; ppageno 0'>
   <div class='ocr_carea' id='block_1_1' title="bbox 740 349 789 420">
    <p class='ocr_par' dir='ltr' id='par_1_1' title="bbox 740 349 789 420">
     <span class='ocr_line' id='line_1_1' title="bbox 740 349 789 420; baseline 0.02 -1"><span class='ocrx_word' id='word_1_1' title='bbox 740 349 789 420; x_wconf 85' lang='grc'><strong>98</strong></span> 
     </span>
    </p>
   </div>
   <div class='ocr_carea' id='block_1_2' title="bbox 234 580 1281 1779">
    <p class='ocr_par' dir='ltr' id='par_1_2' title="bbox 234 580 1281 1779">
     <span class='ocr_line' id='line_1_2' title="bbox 235 580 1276 672; baseline 0.004 -22"><span class='ocrx_word' id='word_1_2' title='bbox 235 587 360 669; x_wconf 89' lang='lat' dir='ltr'><strong>relero,</strong></span> <span class='ocrx_word' id='word_1_3' title='bbox 388 598 423 654; x_wconf 91' lang='lat' dir='ltr'><strong>ut</strong></span> <span class='ocrx_word' id='word_1_4' title='bbox 450 592 569 672; x_wconf 82' lang='lat' dir='ltr'><strong>ignotos</strong></span> <span class='ocrx_word' id='word_1_5' title='bbox 598 586 728 666; x_wconf 88' lang='lat' dir='ltr'><strong>primum</strong></span> <span class='ocrx_word' id='word_1_6' title='bbox 758 585 902 648; x_wconf 88' lang='lat' dir='ltr'><strong>barbaros</strong></span> <span class='ocrx_word' id='word_1_7' title='bbox 929 587 1077 666; x_wconf 83' lang='lat' dir='ltr'><strong>viderim‘,</strong></span> <span class='ocrx_word' id='word_1_8' title='bbox 1107 597 1141 652; x_wconf 93' lang='lat' dir='ltr'><strong>ut</strong></span> <span class='ocrx_word' id='word_1_9' title='bbox 1162 580 1276 654; x_wconf 78' lang='lat' dir='ltr'><strong>infestos</strong></span> 
     </span>
     <span class='ocr_line' id='line_1_3' title="bbox 236 687 1276 767; baseline 0.001 -16"><span class='ocrx_word' id='word_1_10' title='bbox 236 690 475 767; x_wconf 77' lang='lat' dir='ltr'>declinaverim,</span> <span class='ocrx_word' id='word_1_11' title='bbox 498 696 531 750; x_wconf 92' lang='lat' dir='ltr'><strong>ut</strong></span> <span class='ocrx_word' id='word_1_12' title='bbox 553 687 780 749; x_wconf 75' lang='lat' dir='ltr'><strong>dominantibus</strong></span> <span class='ocrx_word' id='word_1_13' title='bbox 803 687 975 750; x_wconf 71' lang='lat' dir='ltr'><strong>eblanditus</strong></span> <span class='ocrx_word' id='word_1_14' title='bbox 998 691 1072 767; x_wconf 87' lang='lat' dir='ltr'><strong>sim,</strong></span> <span class='ocrx_word' id='word_1_15' title='bbox 1096 697 1130 752; x_wconf 92' lang='lat' dir='ltr'><strong>ut</strong></span> <span class='ocrx_word' id='word_1_16' title='bbox 1152 691 1276 754; x_wconf 85' lang='lat' dir='ltr'><strong>infideles</strong></span> 
     </span>
     <span class='ocr_line' id='line_1_4' title="bbox 238 787 1275 872; baseline -0.001 -18"><span class='ocrx_word' id='word_1_17' title='bbox 238 794 457 872; x_wconf 79' lang='lat' dir='ltr'><strong>praecaverim,</strong></span> <span class='ocrx_word' id='word_1_18' title='bbox 480 797 513 852; x_wconf 87' lang='lat' dir='ltr'><strong>ut</strong></span> <span class='ocrx_word' id='word_1_19' title='bbox 533 789 713 850; x_wconf 90' lang='lat' dir='ltr'><strong>insidiantes</strong></span> <span class='ocrx_word' id='word_1_20' title='bbox 722 787 979 870; x_wconf 82' lang='lat' dir='ltr'><strong>subterfugerim,</strong></span> <span class='ocrx_word' id='word_1_21' title='bbox 995 797 1149 870; x_wconf 89' lang='lat' dir='ltr'><strong>postremo</strong></span> <span class='ocrx_word' id='word_1_22' title='bbox 1165 799 1200 854; x_wconf 94' lang='lat' dir='ltr'><strong>ut</strong></span> <span class='ocrx_word' id='word_1_23' title='bbox 1214 810 1275 872; x_wconf 90' lang='lat' dir='ltr'><strong>per-</strong></span> 
     </span>
     <span class='ocr_line' id='line_1_5' title="bbox 236 889 1276 973; baseline 0 -19"><span class='ocrx_word' id='word_1_24' title='bbox 236 900 404 973; x_wconf 80' lang='lat' dir='ltr'><strong>sequentes</strong></span> <span class='ocrx_word' id='word_1_25' title='bbox 431 893 463 953; x_wconf 92' lang='lat' dir='ltr'><strong>in</strong></span> <span class='ocrx_word' id='word_1_26' title='bbox 486 891 560 950; x_wconf 90' lang='lat' dir='ltr'><strong>mari</strong></span> <span class='ocrx_word' id='word_1_27' title='bbox 589 909 625 951; x_wconf 90' lang='lat' dir='ltr'><strong>ac</strong></span> <span class='ocrx_word' id='word_1_28' title='bbox 652 891 735 952; x_wconf 85' lang='lat' dir='ltr'><strong>saxis</strong></span> <span class='ocrx_word' id='word_1_29' title='bbox 757 889 946 970; x_wconf 83' lang='lat' dir='ltr'><strong>spiculisque</strong></span> <span class='ocrx_word' id='word_1_30' title='bbox 968 891 1164 971; x_wconf 74' lang='lat' dir='ltr'><strong>adpetentes,</strong></span> <span class='ocrx_word' id='word_1_31' title='bbox 1187 893 1276 954; x_wconf 90' lang='lat' dir='ltr'><strong>mani-</strong></span> 
     </span>
     <span class='ocr_line' id='line_1_6' title="bbox 236 989 1277 1072; baseline 0 -18"><span class='ocrx_word' id='word_1_32' title='bbox 236 991 329 1068; x_wconf 79' lang='lat' dir='ltr'><strong>[tor]</strong></span> <span class='ocrx_word' id='word_1_33' title='bbox 351 993 408 1053; x_wconf 90' lang='lat' dir='ltr'><strong>bus</strong></span> <span class='ocrx_word' id='word_1_34' title='bbox 429 991 520 1053; x_wconf 89' lang='lat' dir='ltr'><strong>etiam</strong></span> <span class='ocrx_word' id='word_1_35' title='bbox 542 1008 641 1070; x_wconf 90' lang='lat' dir='ltr'><strong>paene</strong></span> <span class='ocrx_word' id='word_1_36' title='bbox 659 993 722 1072; x_wconf 89' lang='lat' dir='ltr'><strong>jam</strong></span> <span class='ocrx_word' id='word_1_37' title='bbox 746 989 1020 1070; x_wconf 90' lang='lat' dir='ltr'><strong>adprehendentes,</strong></span> <span class='ocrx_word' id='word_1_38' title='bbox 1044 993 1205 1072; x_wconf 88' lang='lat' dir='ltr'><strong>repentina</strong></span> <span class='ocrx_word' id='word_1_39' title='bbox 1226 1011 1277 1054; x_wconf 90' lang='lat' dir='ltr'><strong>ne·</strong></span> 
     </span>
     <span class='ocr_line' id='line_1_7' title="bbox 237 1089 1277 1172; baseline 0.001 -19"><span class='ocrx_word' id='word_1_40' title='bbox 237 1093 308 1154; x_wconf 90' lang='lat' dir='ltr'><strong>bula</strong></span> <span class='ocrx_word' id='word_1_41' title='bbox 329 1089 532 1154; x_wconf 80' lang='lat' dir='ltr'><strong>circumfusus</strong></span> <span class='ocrx_word' id='word_1_42' title='bbox 553 1092 715 1172; x_wconf 82' lang='lat' dir='ltr'><strong>evaserim,</strong></span> <span class='ocrx_word' id='word_1_43' title='bbox 738 1099 865 1154; x_wconf 90' lang='lat' dir='ltr'><strong>cunctos</strong></span> <span class='ocrx_word' id='word_1_44' title='bbox 884 1092 1044 1154; x_wconf 88' lang='lat' dir='ltr'><strong>audientes</strong></span> <span class='ocrx_word' id='word_1_45' title='bbox 1067 1112 1115 1155; x_wconf 90' lang='lat' dir='ltr'><strong>me</strong></span> <span class='ocrx_word' id='word_1_46' title='bbox 1138 1094 1170 1156; x_wconf 95' lang='lat' dir='ltr'><strong>in</strong></span> <span class='ocrx_word' id='word_1_47' title='bbox 1193 1093 1277 1156; x_wconf 88' lang='lat' dir='ltr'><strong>lacri-</strong></span> 
     </span>
     <span class='ocr_line' id='line_1_8' title="bbox 238 1191 1278 1271; baseline -0.001 -16"><span class='ocrx_word' id='word_1_48' title='bbox 238 1211 301 1255; x_wconf 89' lang='lat' dir='ltr'><strong>mas</strong></span> <span class='ocrx_word' id='word_1_49' title='bbox 323 1191 508 1254; x_wconf 86' lang='lat' dir='ltr'><strong>commoveri</strong></span> <span class='ocrx_word' id='word_1_50' title='bbox 531 1191 641 1269; x_wconf 91' lang='lat' dir='ltr'><strong>velim,</strong></span> <span class='ocrx_word' id='word_1_51' title='bbox 664 1199 696 1254; x_wconf 89' lang='lat' dir='ltr'><strong>et</strong></span> <span class='ocrx_word' id='word_1_52' title='bbox 711 1193 821 1254; x_wconf 88' lang='lat' dir='ltr'><strong>tacitus</strong></span> <span class='ocrx_word' id='word_1_53' title='bbox 836 1193 875 1254; x_wconf 92' lang='lat' dir='ltr'><strong>de</strong></span> <span class='ocrx_word' id='word_1_54' title='bbox 891 1209 952 1253; x_wconf 92' lang='lat' dir='ltr'><strong>non</strong></span> <span class='ocrx_word' id='word_1_55' title='bbox 969 1193 1143 1256; x_wconf 85' lang='lat' dir='ltr'><strong>dolentibus</strong></span> <span class='ocrx_word' id='word_1_56' title='bbox 1159 1194 1278 1271; x_wconf 92' lang='lat' dir='ltr'><strong>doleam,</strong></span> 
     </span>
     <span class='ocr_line' id='line_1_9' title="bbox 235 1291 1279 1374; baseline -0.001 -19"><span class='ocrx_word' id='word_1_57' title='bbox 235 1300 379 1374; x_wconf 90' lang='lat' dir='ltr'><strong>reputans</strong></span> <span class='ocrx_word' id='word_1_58' title='bbox 402 1291 545 1353; x_wconf 90' lang='lat' dir='ltr'><strong>duritiem</strong></span> <span class='ocrx_word' id='word_1_59' title='bbox 568 1309 692 1370; x_wconf 89' lang='lat' dir='ltr'><strong>eorum,</strong></span> <span class='ocrx_word' id='word_1_60' title='bbox 715 1294 784 1374; x_wconf 88' lang='lat' dir='ltr'><strong>qui,</strong></span> <span class='ocrx_word' id='word_1_61' title='bbox 808 1294 889 1374; x_wconf 91' lang='lat' dir='ltr'><strong>quod</strong></span> <span class='ocrx_word' id='word_1_62' title='bbox 920 1311 981 1355; x_wconf 15' lang='lat' dir='ltr'><strong>naon</strong></span> <span class='ocrx_word' id='word_1_63' title='bbox 1008 1297 1199 1373; x_wconf 88' lang='lat' dir='ltr'><strong>sustinuere,</strong></span> <span class='ocrx_word' id='word_1_64' title='bbox 1227 1312 1279 1356; x_wconf 92' lang='lat' dir='ltr'><strong>non</strong></span> 
     </span>
     <span class='ocr_line' id='line_1_10' title="bbox 235 1391 1279 1474; baseline 0.001 -20"><span class='ocrx_word' id='word_1_65' title='bbox 235 1393 373 1455; x_wconf 87' lang='lat' dir='ltr'><strong>credunt.</strong></span> <span class='ocrx_word' id='word_1_66' title='bbox 412 1392 565 1473; x_wconf 90' lang='lat' dir='ltr'><strong>Hispanus</strong></span> <span class='ocrx_word' id='word_1_67' title='bbox 588 1399 619 1453; x_wconf 91' lang='lat' dir='ltr'><strong>et</strong></span> <span class='ocrx_word' id='word_1_68' title='bbox 640 1391 778 1454; x_wconf 85' lang='lat' dir='ltr'><strong>Marinus</strong></span> <span class='ocrx_word' id='word_1_69' title='bbox 800 1394 838 1456; x_wconf 93' lang='lat' dir='ltr'><strong>ad</strong></span> <span class='ocrx_word' id='word_1_70' title='bbox 859 1395 1091 1474; x_wconf 89' lang='lat' dir='ltr'><strong>supplicandum</strong></span> <span class='ocrx_word' id='word_1_71' title='bbox 1112 1395 1279 1458; x_wconf 85' lang='lat' dir='ltr'><strong>Alexandro</strong></span> 
     </span>
     <span class='ocr_line' id='line_1_11' title="bbox 234 1493 1280 1574; baseline 0.002 -20"><span class='ocrx_word' id='word_1_72' title='bbox 234 1493 433 1574; x_wconf 79' lang='lat' dir='ltr'><strong>babyloniam</strong></span> <span class='ocrx_word' id='word_1_73' title='bbox 455 1495 540 1571; x_wconf 88' lang='lat' dir='ltr'><strong>adiit,</strong></span> <span class='ocrx_word' id='word_1_74' title='bbox 567 1500 792 1574; x_wconf 89' lang='lat' dir='ltr'><strong>cruentumque</strong></span> <span class='ocrx_word' id='word_1_75' title='bbox 815 1493 895 1555; x_wconf 91' lang='lat' dir='ltr'><strong>ultro</strong></span> <span class='ocrx_word' id='word_1_76' title='bbox 918 1495 1085 1574; x_wconf 92' lang='lat' dir='ltr'><strong>dominum,</strong></span> <span class='ocrx_word' id='word_1_77' title='bbox 1109 1515 1148 1558; x_wconf 92' lang='lat' dir='ltr'><strong>ne</strong></span> <span class='ocrx_word' id='word_1_78' title='bbox 1171 1497 1280 1559; x_wconf 88' lang='lat' dir='ltr'><strong>hostem</strong></span> 
     </span>
     <span class='ocr_line' id='line_1_12' title="bbox 234 1594 1281 1677; baseline 0.002 -22"><span class='ocrx_word' id='word_1_79' title='bbox 234 1595 407 1674; x_wconf 86' lang='lat' dir='ltr'><strong>exciperet,</strong></span> <span class='ocrx_word' id='word_1_80' title='bbox 444 1615 500 1677; x_wconf 86' lang='lat' dir='ltr'><strong>per</strong></span> <span class='ocrx_word' id='word_1_81' title='bbox 532 1594 689 1677; x_wconf 79' lang='lat' dir='ltr'><strong>Assyriam</strong></span> <span class='ocrx_word' id='word_1_82' title='bbox 723 1595 902 1676; x_wconf 88' lang='lat' dir='ltr'><strong>Indiamque</strong></span> <span class='ocrx_word' id='word_1_83' title='bbox 937 1597 1102 1677; x_wconf 88' lang='lat' dir='ltr'><strong>quaesivit:</strong></span> <span class='ocrx_word' id='word_1_84' title='bbox 1139 1605 1281 1660; x_wconf 90' lang='lat' dir='ltr'><strong>terrarum</strong></span> 
     </span>
     <span class='ocr_line' id='line_1_13' title="bbox 235 1695 1281 1779; baseline 0.001 -23"><span class='ocrx_word' id='word_1_85' title='bbox 235 1702 330 1757; x_wconf 88' lang='lat' dir='ltr'><strong>metas</strong></span> <span class='ocrx_word' id='word_1_86' title='bbox 350 1695 482 1760; x_wconf 87' lang='lat' dir='ltr'><strong>lustrans</strong></span> <span class='ocrx_word' id='word_1_87' title='bbox 504 1705 535 1760; x_wconf 90' lang='lat' dir='ltr'><strong>et</strong></span> <span class='ocrx_word' id='word_1_88' title='bbox 558 1699 680 1779; x_wconf 91' lang='lat' dir='ltr'><strong>utrique</strong></span> <span class='ocrx_word' id='word_1_89' title='bbox 696 1695 863 1760; x_wconf 80' lang='lat' dir='ltr'><strong>infeliciter</strong></span> <span class='ocrx_word' id='word_1_90' title='bbox 878 1704 968 1760; x_wconf 91' lang='lat' dir='ltr'><strong>notus</strong></span> <span class='ocrx_word' id='word_1_91' title='bbox 983 1697 1118 1776; x_wconf 90' lang='lat' dir='ltr'><strong>Oceano,</strong></span> <span class='ocrx_word' id='word_1_92' title='bbox 1139 1706 1281 1761; x_wconf 90' lang='lat' dir='ltr'><strong>ettamen</strong></span> 
     </span>
    </p>
   </div>
   <div class='ocr_carea' id='block_1_3' title="bbox 138 1796 1285 2181">
    <p class='ocr_par' dir='ltr' id='par_1_3' title="bbox 138 1796 1285 2181">
     <span class='ocr_line' id='line_1_14' title="bbox 234 1796 1281 1874; baseline 0.002 -18"><span class='ocrx_word' id='word_1_93' title='bbox 234 1804 293 1857; x_wconf 89' lang='lat' dir='ltr'><strong>tam</strong></span> <span class='ocrx_word' id='word_1_94' title='bbox 315 1796 471 1861; x_wconf 91' lang='lat' dir='ltr'><strong>violentae</strong></span> <span class='ocrx_word' id='word_1_95' title='bbox 500 1798 692 1860; x_wconf 86' lang='lat' dir='ltr'><strong>necessitatis</strong></span> <span class='ocrx_word' id='word_1_96' title='bbox 721 1800 867 1860; x_wconf 92' lang='lat' dir='ltr'><strong>memoria</strong></span> <span class='ocrx_word' id='word_1_97' title='bbox 896 1799 945 1860; x_wconf 93' lang='lat' dir='ltr'><strong>vel</strong></span> <span class='ocrx_word' id='word_1_98' title='bbox 975 1799 1131 1862; x_wconf 91' lang='lat' dir='ltr'><strong>oblivione</strong></span> <span class='ocrx_word' id='word_1_99' title='bbox 1162 1799 1281 1874; x_wconf 85' lang='lat' dir='ltr'><strong>deiecit,</strong></span> 
     </span>
     <span class='ocr_line' id='line_1_15' title="bbox 138 1897 1282 1978; baseline 0.003 -21"><span class='ocrx_word' id='word_1_100' title='bbox 138 1924 142 1928; x_wconf 42' lang='grc'>“</span> <span class='ocrx_word' id='word_1_101' title='bbox 234 1897 285 1958; x_wconf 91' lang='lat' dir='ltr'><strong>vel</strong></span> <span class='ocrx_word' id='word_1_102' title='bbox 307 1898 397 1960; x_wconf 91' lang='lat' dir='ltr'><strong>viluit</strong></span> <span class='ocrx_word' id='word_1_103' title='bbox 418 1899 584 1960; x_wconf 87' lang='lat' dir='ltr'><strong>vetustatel</strong></span> <span class='ocrx_word' id='word_1_104' title='bbox 630 1899 669 1960; x_wconf 90' lang='lat' dir='ltr'><strong>Et</strong></span> <span class='ocrx_word' id='word_1_105' title='bbox 696 1915 752 1960; x_wconf 90' lang='lat' dir='ltr'><strong>nos</strong></span> <span class='ocrx_word' id='word_1_106' title='bbox 780 1906 946 1978; x_wconf 88' lang='lat' dir='ltr'><strong>perpetuae</strong></span> <span class='ocrx_word' id='word_1_107' title='bbox 975 1899 1180 1963; x_wconf 88' lang='lat' dir='ltr'><strong>recordationi</strong></span> <span class='ocrx_word' id='word_1_108' title='bbox 1209 1901 1282 1962; x_wconf 89' lang='lat' dir='ltr'><strong>hae-</strong></span> 
     </span>
     <span class='ocr_line' id='line_1_16' title="bbox 232 1999 1285 2081; baseline 0.001 -22"><span class='ocrx_word' id='word_1_109' title='bbox 232 2015 338 2059; x_wconf 91' lang='lat' dir='ltr'><strong>surum</strong></span> <span class='ocrx_word' id='word_1_110' title='bbox 366 2007 524 2078; x_wconf 88' lang='lat' dir='ltr'><strong>putamus,</strong></span> <span class='ocrx_word' id='word_1_111' title='bbox 555 1999 637 2079; x_wconf 93' lang='lat' dir='ltr'><strong>quod</strong></span> <span class='ocrx_word' id='word_1_112' title='bbox 666 2000 794 2080; x_wconf 90' lang='lat' dir='ltr'><strong>plurima</strong></span> <span class='ocrx_word' id='word_1_113' title='bbox 822 2000 905 2062; x_wconf 91' lang='lat' dir='ltr'><strong>orbis</strong></span> <span class='ocrx_word' id='word_1_114' title='bbox 932 2009 1017 2081; x_wconf 91' lang='lat' dir='ltr'><strong>parte</strong></span> <span class='ocrx_word' id='word_1_115' title='bbox 1045 2019 1169 2079; x_wconf 90' lang='lat' dir='ltr'><strong>secura,</strong></span> <span class='ocrx_word' id='word_1_116' title='bbox 1191 2019 1285 2064; x_wconf 91' lang='lat' dir='ltr'><strong>unum</strong></span> 
     </span>
     <span class='ocr_line' id='line_1_17' title="bbox 233 2085 1285 2181; baseline 0 -21"><span class='ocrx_word' id='word_1_117' title='bbox 233 2085 379 2181; x_wconf 79' lang='lat' dir='ltr'><strong>ang⁰ulum</strong></span> <span class='ocrx_word' id='word_1_118' title='bbox 413 2099 508 2181; x_wconf 79' lang='lat' dir='ltr'><strong>lugan</strong></span> <span class='ocrx_word' id='word_1_119' title='bbox 540 2100 616 2162; x_wconf 92' lang='lat' dir='ltr'><strong>latro</strong></span> <span class='ocrx_word' id='word_1_120' title='bbox 649 2102 790 2164; x_wconf 91' lang='lat' dir='ltr'><strong>violavit:</strong></span> <span class='ocrx_word' id='word_1_121' title='bbox 826 2102 913 2180; x_wconf 91' lang='lat' dir='ltr'><strong>quasi</strong></span> <span class='ocrx_word' id='word_1_122' title='bbox 945 2119 1022 2173; x_wconf 18' lang='lat' dir='ltr'><strong>,vero</strong></span> <span class='ocrx_word' id='word_1_123' title='bbox 1056 2101 1227 2164; x_wconf 87' lang='lat' dir='ltr'><strong>Gothorum</strong></span> <span class='ocrx_word' id='word_1_124' title='bbox 1259 2107 1285 2161; x_wconf 91' lang='lat' dir='ltr'><strong>et</strong></span> 
     </span>
    </p>
   </div>
   <div class='ocr_carea' id='block_1_4' title="bbox 186 2199 1290 4096">
    <p class='ocr_par' dir='ltr' id='par_1_4' title="bbox 186 2199 1290 4096">
     <span class='ocr_line' id='line_1_18' title="bbox 234 2199 1284 2282; baseline 0.003 -21"><span class='ocrx_word' id='word_1_125' title='bbox 234 2199 406 2262; x_wconf 87' lang='lat' dir='ltr'><strong>Suevorum</strong></span> <span class='ocrx_word' id='word_1_126' title='bbox 428 2219 545 2281; x_wconf 90' lang='lat' dir='ltr'><strong>pacem,</strong></span> <span class='ocrx_word' id='word_1_127' title='bbox 568 2210 602 2264; x_wconf 92' lang='lat' dir='ltr'><strong>ut</strong></span> <span class='ocrx_word' id='word_1_128' title='bbox 624 2221 686 2264; x_wconf 94' lang='lat' dir='ltr'><strong>non</strong></span> <span class='ocrx_word' id='word_1_129' title='bbox 708 2203 804 2276; x_wconf 91' lang='lat' dir='ltr'><strong>dicam</strong></span> <span class='ocrx_word' id='word_1_130' title='bbox 821 2219 910 2264; x_wconf 88' lang='lat' dir='ltr'><strong>versa</strong></span> <span class='ocrx_word' id='word_1_131' title='bbox 926 2203 995 2264; x_wconf 92' lang='lat' dir='ltr'><strong>vice</strong></span> <span class='ocrx_word' id='word_1_132' title='bbox 1010 2201 1103 2265; x_wconf 88' lang='lat' dir='ltr'><strong>Indus</strong></span> <span class='ocrx_word' id='word_1_133' title='bbox 1118 2203 1169 2265; x_wconf 94' lang='lat' dir='ltr'><strong>vel</strong></span> <span class='ocrx_word' id='word_1_134' title='bbox 1184 2203 1284 2282; x_wconf 80' lang='lat' dir='ltr'><strong>Assy-</strong></span> 
     </span>
     <span class='ocr_line' id='line_1_19' title="bbox 231 2301 1284 2384; baseline 0.001 -21"><span class='ocrx_word' id='word_1_135' title='bbox 231 2305 308 2380; x_wconf 91' lang='lat' dir='ltr'><strong>rius,</strong></span> <span class='ocrx_word' id='word_1_136' title='bbox 331 2301 386 2364; x_wconf 92' lang='lat' dir='ltr'><strong>sed</strong></span> <span class='ocrx_word' id='word_1_137' title='bbox 408 2304 499 2363; x_wconf 90' lang='lat' dir='ltr'><strong>etiam</strong></span> <span class='ocrx_word' id='word_1_138' title='bbox 521 2304 573 2384; x_wconf 92' lang='lat' dir='ltr'><strong>vel</strong></span> <span class='ocrx_word' id='word_1_139' title='bbox 595 2305 672 2383; x_wconf 92' lang='lat' dir='ltr'><strong>ipse,</strong></span> <span class='ocrx_word' id='word_1_140' title='bbox 696 2304 748 2382; x_wconf 92' lang='lat' dir='ltr'><strong>qui</strong></span> <span class='ocrx_word' id='word_1_141' title='bbox 769 2303 887 2364; x_wconf 89' lang='lat' dir='ltr'><strong>bostem</strong></span> <span class='ocrx_word' id='word_1_142' title='bbox 903 2303 1026 2381; x_wconf 91' lang='lat' dir='ltr'><strong>patitur,</strong></span> <span class='ocrx_word' id='word_1_143' title='bbox 1042 2302 1193 2382; x_wconf 89' lang='lat' dir='ltr'><strong>Hispanus</strong></span> <span class='ocrx_word' id='word_1_144' title='bbox 1217 2321 1284 2364; x_wconf 90' lang='lat' dir='ltr'><strong>ora-</strong></span> 
     </span>
     <span class='ocr_line' id='line_1_20' title="bbox 233 2401 1285 2482; baseline -0.001 -19"><span class='ocrx_word' id='word_1_145' title='bbox 233 2403 321 2465; x_wconf 89' lang='lat' dir='ltr'><strong>verit.</strong></span> <span class='ocrx_word' id='word_1_146' title='bbox 366 2402 503 2465; x_wconf 77' lang='lat' dir='ltr'><strong>atvero</strong></span> <span class='ocrx_word' id='word_1_147' title='bbox 524 2403 551 2466; x_wconf 92' lang='lat' dir='ltr'><strong>si</strong></span> <span class='ocrx_word' id='word_1_148' title='bbox 574 2403 624 2464; x_wconf 90' lang='lat' dir='ltr'><strong>illa</strong></span> <span class='ocrx_word' id='word_1_149' title='bbox 648 2402 816 2464; x_wconf 83' lang='lat' dir='ltr'><strong>Alexandri</strong></span> <span class='ocrx_word' id='word_1_150' title='bbox 846 2409 980 2482; x_wconf 88' lang='lat' dir='ltr'><strong>tempora</strong></span> <span class='ocrx_word' id='word_1_151' title='bbox 1009 2401 1158 2464; x_wconf 87' lang='lat' dir='ltr'><strong>laudanda</strong></span> <span class='ocrx_word' id='word_1_152' title='bbox 1185 2405 1285 2482; x_wconf 90' lang='lat' dir='ltr'><strong>potius</strong></span> 
     </span>
     <span class='ocr_line' id='line_1_21' title="bbox 232 2504 1283 2591; baseline 0.001 -25"><span class='ocrx_word' id='word_1_153' title='bbox 232 2511 357 2585; x_wconf 92' lang='lat' dir='ltr'><strong>propter</strong></span> <span class='ocrx_word' id='word_1_154' title='bbox 378 2505 539 2591; x_wconf 82' lang='lat' dir='ltr'><strong>virtutem,</strong></span> <span class='ocrx_word' id='word_1_155' title='bbox 570 2523 630 2585; x_wconf 91' lang='lat' dir='ltr'><strong>qua</strong></span> <span class='ocrx_word' id='word_1_156' title='bbox 652 2511 734 2566; x_wconf 93' lang='lat' dir='ltr'><strong>totus</strong></span> <span class='ocrx_word' id='word_1_157' title='bbox 757 2504 839 2565; x_wconf 90' lang='lat' dir='ltr'><strong>orbis</strong></span> <span class='ocrx_word' id='word_1_158' title='bbox 862 2504 1006 2566; x_wconf 89' lang='lat' dir='ltr'><strong>obtentus</strong></span> <span class='ocrx_word' id='word_1_159' title='bbox 1028 2509 1090 2580; x_wconf 90' lang='lat' dir='ltr'><strong>est,</strong></span> <span class='ocrx_word' id='word_1_160' title='bbox 1113 2519 1209 2582; x_wconf 93' lang='lat' dir='ltr'><strong>quam</strong></span> <span class='ocrx_word' id='word_1_161' title='bbox 1233 2506 1283 2567; x_wconf 90' lang='lat' dir='ltr'><strong>de·</strong></span> 
     </span>
     <span class='ocr_line' id='line_1_22' title="bbox 232 2604 1285 2686; baseline 0.001 -20"><span class='ocrx_word' id='word_1_162' title='bbox 232 2606 371 2667; x_wconf 88' lang='lat' dir='ltr'><strong>testanda</strong></span> <span class='ocrx_word' id='word_1_163' title='bbox 395 2613 518 2684; x_wconf 89' lang='lat' dir='ltr'><strong>propter</strong></span> <span class='ocrx_word' id='word_1_164' title='bbox 539 2609 675 2682; x_wconf 88' lang='lat' dir='ltr'><strong>ruinam,</strong></span> <span class='ocrx_word' id='word_1_165' title='bbox 699 2625 757 2686; x_wconf 90' lang='lat' dir='ltr'><strong>qua</strong></span> <span class='ocrx_word' id='word_1_166' title='bbox 782 2611 862 2668; x_wconf 90' lang='lat' dir='ltr'><strong>totus</strong></span> <span class='ocrx_word' id='word_1_167' title='bbox 885 2604 968 2666; x_wconf 93' lang='lat' dir='ltr'><strong>orbis</strong></span> <span class='ocrx_word' id='word_1_168' title='bbox 991 2620 1117 2666; x_wconf 91' lang='lat' dir='ltr'><strong>eversus</strong></span> <span class='ocrx_word' id='word_1_169' title='bbox 1140 2611 1207 2684; x_wconf 88' lang='lat' dir='ltr'><strong>est,</strong></span> <span class='ocrx_word' id='word_1_170' title='bbox 1233 2607 1285 2686; x_wconf 90' lang='lat' dir='ltr'><strong>ju-</strong></span> 
     </span>
     <span class='ocr_line' id='line_1_23' title="bbox 186 2704 1287 2784; baseline -0.001 -16"><span class='ocrx_word' id='word_1_171' title='bbox 186 2757 193 2767; x_wconf 92' lang='lat'><strong>.</strong></span> <span class='ocrx_word' id='word_1_172' title='bbox 233 2707 388 2768; x_wconf 92' lang='lat' dir='ltr'><strong>dicantur:</strong></span> <span class='ocrx_word' id='word_1_173' title='bbox 413 2704 613 2766; x_wconf 89' lang='lat' dir='ltr'><strong>invenientur</strong></span> <span class='ocrx_word' id='word_1_174' title='bbox 634 2713 667 2766; x_wconf 91' lang='lat' dir='ltr'><strong>et</strong></span> <span class='ocrx_word' id='word_1_175' title='bbox 690 2705 779 2766; x_wconf 92' lang='lat' dir='ltr'><strong>modo</strong></span> <span class='ocrx_word' id='word_1_176' title='bbox 801 2705 940 2784; x_wconf 91' lang='lat' dir='ltr'><strong>plurimi,</strong></span> <span class='ocrx_word' id='word_1_177' title='bbox 964 2705 1016 2784; x_wconf 94' lang='lat' dir='ltr'><strong>qui</strong></span> <span class='ocrx_word' id='word_1_178' title='bbox 1039 2704 1115 2766; x_wconf 90' lang='lat' dir='ltr'><strong>haec</strong></span> <span class='ocrx_word' id='word_1_179' title='bbox 1137 2705 1287 2769; x_wconf 91' lang='lat' dir='ltr'><strong>laudanda</strong></span> 
     </span>
     <span class='ocr_line' id='line_1_24' title="bbox 231 2805 1287 2886; baseline 0.001 -17"><span class='ocrx_word' id='word_1_180' title='bbox 231 2808 397 2886; x_wconf 84' lang='lat' dir='ltr'><strong>censeant,</strong></span> <span class='ocrx_word' id='word_1_181' title='bbox 414 2806 496 2886; x_wconf 93' lang='lat' dir='ltr'><strong>quod</strong></span> <span class='ocrx_word' id='word_1_182' title='bbox 523 2806 616 2868; x_wconf 89' lang='lat' dir='ltr'><strong>multa</strong></span> <span class='ocrx_word' id='word_1_183' title='bbox 638 2806 791 2882; x_wconf 88' lang='lat' dir='ltr'><strong>vicerunt,</strong></span> <span class='ocrx_word' id='word_1_184' title='bbox 816 2813 846 2866; x_wconf 90' lang='lat' dir='ltr'><strong>et</strong></span> <span class='ocrx_word' id='word_1_185' title='bbox 868 2806 1006 2866; x_wconf 89' lang='lat' dir='ltr'><strong>miserias</strong></span> <span class='ocrx_word' id='word_1_186' title='bbox 1029 2805 1156 2867; x_wconf 88' lang='lat' dir='ltr'><strong>aliorum</strong></span> <span class='ocrx_word' id='word_1_187' title='bbox 1180 2805 1287 2870; x_wconf 89' lang='lat' dir='ltr'><strong>letici-</strong></span> 
     </span>
     <span class='ocr_line' id='line_1_25' title="bbox 233 2905 1287 2987; baseline 0.002 -19"><span class='ocrx_word' id='word_1_188' title='bbox 233 2915 325 2970; x_wconf 89' lang='lat' dir='ltr'><strong>tatem</strong></span> <span class='ocrx_word' id='word_1_189' title='bbox 359 2924 443 2968; x_wconf 90' lang='lat' dir='ltr'><strong>suam</strong></span> <span class='ocrx_word' id='word_1_190' title='bbox 477 2913 630 2985; x_wconf 88' lang='lat' dir='ltr'><strong>reputent.</strong></span> <span class='ocrx_word' id='word_1_191' title='bbox 677 2905 736 2968; x_wconf 90' lang='lat' dir='ltr'><strong>Sed</strong></span> <span class='ocrx_word' id='word_1_192' title='bbox 771 2905 852 2968; x_wconf 90' lang='lat' dir='ltr'><strong>dicat</strong></span> <span class='ocrx_word' id='word_1_193' title='bbox 885 2906 1063 2987; x_wconf 88' lang='lat' dir='ltr'><strong>quisquam:</strong></span> <span class='ocrx_word' id='word_1_194' title='bbox 1098 2905 1151 2968; x_wconf 90' lang='lat' dir='ltr'><strong>lsti</strong></span> <span class='ocrx_word' id='word_1_195' title='bbox 1182 2907 1287 2970; x_wconf 90' lang='lat' dir='ltr'><strong>hostes</strong></span> 
     </span>
     <span class='ocr_line' id='line_1_26' title="bbox 231 3005 1287 3084; baseline 0.001 -16"><span class='ocrx_word' id='word_1_196' title='bbox 231 3008 399 3069; x_wconf 86' lang='lat' dir='ltr'><strong>Romaniae</strong></span> <span class='ocrx_word' id='word_1_197' title='bbox 419 3013 500 3068; x_wconf 91' lang='lat' dir='ltr'><strong>sunt.</strong></span> <span class='ocrx_word' id='word_1_198' title='bbox 544 3005 805 3084; x_wconf 86' lang='lat' dir='ltr'><strong>Respondebitur:</strong></span> <span class='ocrx_word' id='word_1_199' title='bbox 836 3006 901 3069; x_wconf 93' lang='lat' dir='ltr'><strong>Hoc</strong></span> <span class='ocrx_word' id='word_1_200' title='bbox 930 3014 961 3068; x_wconf 92' lang='lat' dir='ltr'><strong>et</strong></span> <span class='ocrx_word' id='word_1_201' title='bbox 989 3014 1062 3069; x_wconf 92' lang='lat' dir='ltr'><strong>tunc</strong></span> <span class='ocrx_word' id='word_1_202' title='bbox 1090 3011 1145 3070; x_wconf 90' lang='lat' dir='ltr'><strong>toti</strong></span> <span class='ocrx_word' id='word_1_203' title='bbox 1167 3007 1287 3072; x_wconf 90' lang='lat' dir='ltr'><strong>Orienti</strong></span> 
     </span>
     <span class='ocr_line' id='line_1_27' title="bbox 231 3107 1288 3195; baseline 0.002 -27"><span class='ocrx_word' id='word_1_204' title='bbox 231 3107 272 3168; x_wconf 93' lang='lat' dir='ltr'><strong>de</strong></span> <span class='ocrx_word' id='word_1_205' title='bbox 305 3107 483 3170; x_wconf 86' lang='lat' dir='ltr'><strong>Alexandro</strong></span> <span class='ocrx_word' id='word_1_206' title='bbox 515 3107 693 3168; x_wconf 89' lang='lat' dir='ltr'><strong>videbatur:</strong></span> <span class='ocrx_word' id='word_1_207' title='bbox 733 3108 872 3188; x_wconf 88' lang='lat' dir='ltr'><strong>talesque</strong></span> <span class='ocrx_word' id='word_1_208' title='bbox 906 3115 937 3170; x_wconf 91' lang='lat' dir='ltr'><strong>et</strong></span> <span class='ocrx_word' id='word_1_209' title='bbox 968 3107 1096 3170; x_wconf 87' lang='lat' dir='ltr'><strong>Romani</strong></span> <span class='ocrx_word' id='word_1_210' title='bbox 1128 3108 1196 3192; x_wconf 90' lang='lat' dir='ltr'><strong>aliis</strong></span> <span class='ocrx_word' id='word_1_211' title='bbox 1231 3109 1288 3195; x_wconf 84' lang='lat' dir='ltr'><strong>visi</strong></span> 
     </span>
     <span class='ocr_line' id='line_1_28' title="bbox 231 3205 1288 3290; baseline 0.001 -20"><span class='ocrx_word' id='word_1_212' title='bbox 231 3205 322 3284; x_wconf 82' lang='lat' dir='ltr'><strong>[l95]</strong></span> <span class='ocrx_word' id='word_1_213' title='bbox 346 3216 427 3286; x_wconf 89' lang='lat' dir='ltr'><strong>sunt,</strong></span> <span class='ocrx_word' id='word_1_214' title='bbox 451 3209 522 3271; x_wconf 95' lang='lat' dir='ltr'><strong>dum</strong></span> <span class='ocrx_word' id='word_1_215' title='bbox 545 3208 635 3269; x_wconf 92' lang='lat' dir='ltr'><strong>bellis</strong></span> <span class='ocrx_word' id='word_1_216' title='bbox 658 3209 780 3288; x_wconf 91' lang='lat' dir='ltr'><strong>quietos</strong></span> <span class='ocrx_word' id='word_1_217' title='bbox 803 3209 987 3290; x_wconf 81' lang='lat' dir='ltr'><strong>ignotosque</strong></span> <span class='ocrx_word' id='word_1_218' title='bbox 1006 3211 1191 3288; x_wconf 90' lang='lat' dir='ltr'><strong>petiverunt.</strong></span> <span class='ocrx_word' id='word_1_219' title='bbox 1228 3210 1288 3273; x_wconf 87' lang='lat' dir='ltr'><strong>Sed</strong></span> 
     </span>
     <span class='ocr_line' id='line_1_29' title="bbox 232 3309 1289 3391; baseline 0.004 -22"><span class='ocrx_word' id='word_1_220' title='bbox 232 3310 278 3370; x_wconf 89' lang='lat' dir='ltr'><strong>illi</strong></span> <span class='ocrx_word' id='word_1_221' title='bbox 299 3311 463 3391; x_wconf 89' lang='lat' dir='ltr'><strong>adquirere</strong></span> <span class='ocrx_word' id='word_1_222' title='bbox 485 3327 598 3391; x_wconf 85' lang='lat' dir='ltr'><strong>regna,</strong></span> <span class='ocrx_word' id='word_1_223' title='bbox 628 3309 678 3370; x_wconf 92' lang='lat' dir='ltr'><strong>isti</strong></span> <span class='ocrx_word' id='word_1_224' title='bbox 707 3316 847 3371; x_wconf 90' lang='lat' dir='ltr'><strong>evertere</strong></span> <span class='ocrx_word' id='word_1_225' title='bbox 870 3310 1003 3373; x_wconf 90' lang='lat' dir='ltr'><strong>student.</strong></span> <span class='ocrx_word' id='word_1_226' title='bbox 1049 3310 1194 3390; x_wconf 75' lang='lat' dir='ltr'><strong>separata</strong></span> <span class='ocrx_word' id='word_1_227' title='bbox 1216 3318 1289 3373; x_wconf 89' lang='lat' dir='ltr'><strong>sunt</strong></span> 
     </span>
     <span class='ocr_line' id='line_1_30' title="bbox 232 3409 1288 3492; baseline 0.003 -23"><span class='ocrx_word' id='word_1_228' title='bbox 232 3409 328 3471; x_wconf 90' lang='lat' dir='ltr'><strong>bostis</strong></span> <span class='ocrx_word' id='word_1_229' title='bbox 349 3412 469 3473; x_wconf 87' lang='lat' dir='ltr'><strong>excidia</strong></span> <span class='ocrx_word' id='word_1_230' title='bbox 492 3417 523 3472; x_wconf 90' lang='lat' dir='ltr'><strong>et</strong></span> <span class='ocrx_word' id='word_1_231' title='bbox 540 3411 657 3491; x_wconf 88' lang='lat' dir='ltr'><strong>judicia</strong></span> <span class='ocrx_word' id='word_1_232' title='bbox 679 3411 821 3472; x_wconf 86' lang='lat' dir='ltr'><strong>victoris:</strong></span> <span class='ocrx_word' id='word_1_233' title='bbox 846 3411 997 3490; x_wconf 90' lang='lat' dir='ltr'><strong>siquidem</strong></span> <span class='ocrx_word' id='word_1_234' title='bbox 1020 3418 1053 3473; x_wconf 91' lang='lat' dir='ltr'><strong>et</strong></span> <span class='ocrx_word' id='word_1_235' title='bbox 1073 3411 1118 3472; x_wconf 92' lang='lat' dir='ltr'><strong>illi</strong></span> <span class='ocrx_word' id='word_1_236' title='bbox 1133 3414 1217 3492; x_wconf 91' lang='lat' dir='ltr'><strong>prius</strong></span> <span class='ocrx_word' id='word_1_237' title='bbox 1235 3430 1288 3474; x_wconf 91' lang='lat' dir='ltr'><strong>eos</strong></span> 
     </span>
     <span class='ocr_line' id='line_1_31' title="bbox 232 3509 1290 3592; baseline 0.003 -23"><span class='ocrx_word' id='word_1_238' title='bbox 232 3509 321 3570; x_wconf 91' lang='lat' dir='ltr'><strong>bellis</strong></span> <span class='ocrx_word' id='word_1_239' title='bbox 349 3510 547 3588; x_wconf 80' lang='lat' dir='ltr'><strong>adflixerunt,</strong></span> <span class='ocrx_word' id='word_1_240' title='bbox 577 3527 655 3590; x_wconf 92' lang='lat' dir='ltr'><strong>quos</strong></span> <span class='ocrx_word' id='word_1_241' title='bbox 678 3517 782 3592; x_wconf 88' lang='lat' dir='ltr'><strong>postea</strong></span> <span class='ocrx_word' id='word_1_242' title='bbox 805 3512 868 3572; x_wconf 92' lang='lat' dir='ltr'><strong>suis</strong></span> <span class='ocrx_word' id='word_1_243' title='bbox 891 3511 1012 3592; x_wconf 84' lang='lat' dir='ltr'><strong>legibus</strong></span> <span class='ocrx_word' id='word_1_244' title='bbox 1035 3511 1232 3574; x_wconf 87' lang='lat' dir='ltr'><strong>ordinarunt:</strong></span> <span class='ocrx_word' id='word_1_245' title='bbox 1260 3520 1290 3574; x_wconf 91' lang='lat' dir='ltr'><strong>et</strong></span> 
     </span>
     <span class='ocr_line' id='line_1_32' title="bbox 232 3609 1288 3693; baseline 0.003 -22"><span class='ocrx_word' id='word_1_246' title='bbox 232 3610 263 3671; x_wconf 91' lang='lat' dir='ltr'><strong>bi</strong></span> <span class='ocrx_word' id='word_1_247' title='bbox 285 3629 368 3672; x_wconf 89' lang='lat' dir='ltr'><strong>nunc</strong></span> <span class='ocrx_word' id='word_1_248' title='bbox 389 3611 542 3673; x_wconf 89' lang='lat' dir='ltr'><strong>hostiliter</strong></span> <span class='ocrx_word' id='word_1_249' title='bbox 558 3612 690 3687; x_wconf 90' lang='lat' dir='ltr'><strong>turbant,</strong></span> <span class='ocrx_word' id='word_1_250' title='bbox 708 3629 798 3691; x_wconf 90' lang='lat' dir='ltr'><strong>quae,</strong></span> <span class='ocrx_word' id='word_1_251' title='bbox 815 3609 907 3690; x_wconf 89' lang='lat' dir='ltr'><strong>(quod</strong></span> <span class='ocrx_word' id='word_1_252' title='bbox 926 3629 987 3673; x_wconf 94' lang='lat' dir='ltr'><strong>non</strong></span> <span class='ocrx_word' id='word_1_253' title='bbox 1002 3614 1177 3692; x_wconf 88' lang='lat' dir='ltr'><strong>permiserit</strong></span> <span class='ocrx_word' id='word_1_254' title='bbox 1191 3611 1288 3693; x_wconf 88' lang='lat' dir='ltr'><strong>Deus)</strong></span> 
     </span>
     <span class='ocr_line' id='line_1_33' title="bbox 229 3712 1290 3791; baseline 0.001 -18"><span class='ocrx_word' id='word_1_255' title='bbox 229 3716 257 3773; x_wconf 89' lang='lat' dir='ltr'><strong>si</strong></span> <span class='ocrx_word' id='word_1_256' title='bbox 269 3713 402 3774; x_wconf 88' lang='lat' dir='ltr'><strong>edomita</strong></span> <span class='ocrx_word' id='word_1_257' title='bbox 413 3713 600 3788; x_wconf 89' lang='lat' dir='ltr'><strong>obtinerent,</strong></span> <span class='ocrx_word' id='word_1_258' title='bbox 615 3712 676 3771; x_wconf 91' lang='lat' dir='ltr'><strong>ritu</strong></span> <span class='ocrx_word' id='word_1_259' title='bbox 689 3727 745 3772; x_wconf 92' lang='lat' dir='ltr'><strong>suo</strong></span> <span class='ocrx_word' id='word_1_260' title='bbox 758 3727 942 3791; x_wconf 90' lang='lat' dir='ltr'><strong>componere</strong></span> <span class='ocrx_word' id='word_1_261' title='bbox 956 3713 1147 3790; x_wconf 89' lang='lat' dir='ltr'><strong>molirentur,</strong></span> <span class='ocrx_word' id='word_1_262' title='bbox 1164 3714 1290 3775; x_wconf 87' lang='lat' dir='ltr'><strong>dicendi</strong></span> 
     </span>
     <span class='ocr_line' id='line_1_34' title="bbox 230 3811 1287 3893; baseline 0.004 -21"><span class='ocrx_word' id='word_1_263' title='bbox 230 3815 361 3891; x_wconf 89' lang='lat' dir='ltr'><strong>posteris</strong></span> <span class='ocrx_word' id='word_1_264' title='bbox 385 3814 486 3893; x_wconf 85' lang='lat' dir='ltr'><strong>magni</strong></span> <span class='ocrx_word' id='word_1_265' title='bbox 509 3829 610 3891; x_wconf 86' lang='lat' dir='ltr'><strong>reges,</strong></span> <span class='ocrx_word' id='word_1_266' title='bbox 634 3811 688 3890; x_wconf 92' lang='lat' dir='ltr'><strong>qui</strong></span> <span class='ocrx_word' id='word_1_267' title='bbox 711 3828 793 3871; x_wconf 91' lang='lat' dir='ltr'><strong>nunc</strong></span> <span class='ocrx_word' id='word_1_268' title='bbox 815 3811 903 3873; x_wconf 92' lang='lat' dir='ltr'><strong>nobis</strong></span> <span class='ocrx_word' id='word_1_269' title='bbox 918 3815 1090 3876; x_wconf 88' lang='lat' dir='ltr'><strong>saevissimi</strong></span> <span class='ocrx_word' id='word_1_270' title='bbox 1105 3813 1210 3876; x_wconf 90' lang='lat' dir='ltr'><strong>hostes</strong></span> <span class='ocrx_word' id='word_1_271' title='bbox 1225 3815 1287 3876; x_wconf 89' lang='lat' dir='ltr'><strong>ad-</strong></span> 
     </span>
     <span class='ocr_line' id='line_1_35' title="bbox 226 3909 1289 3992; baseline 0.004 -21"><span class='ocrx_word' id='word_1_272' title='bbox 226 3911 414 3992; x_wconf 85' lang='lat' dir='ltr'><strong>judicantur.</strong></span> <span class='ocrx_word' id='word_1_273' title='bbox 452 3909 598 3982; x_wconf 83' lang='lat' dir='ltr'><strong>Quolibet</strong></span> <span class='ocrx_word' id='word_1_274' title='bbox 620 3916 721 3970; x_wconf 89' lang='lat' dir='ltr'><strong>autem</strong></span> <span class='ocrx_word' id='word_1_275' title='bbox 744 3919 830 3991; x_wconf 83' lang='lat' dir='ltr'><strong>gesta</strong></span> <span class='ocrx_word' id='word_1_276' title='bbox 854 3913 924 3976; x_wconf 87' lang='lat' dir='ltr'><strong>talia</strong></span> <span class='ocrx_word' id='word_1_277' title='bbox 947 3916 1072 3977; x_wconf 92' lang='lat' dir='ltr'><strong>nomine</strong></span> <span class='ocrx_word' id='word_1_278' title='bbox 1088 3921 1289 3978; x_wconf 71' lang='lat' dir='ltr'><strong>censeantur,</strong></span> 
     </span>
     <span class='ocr_line' id='line_1_36' title="bbox 231 4009 1290 4096; baseline 0.005 -25"><span class='ocrx_word' id='word_1_279' title='bbox 231 4009 290 4071; x_wconf 88' lang='lat' dir='ltr'><strong>boc</strong></span> <span class='ocrx_word' id='word_1_280' title='bbox 317 4019 382 4088; x_wconf 89' lang='lat' dir='ltr'><strong>est,</strong></span> <span class='ocrx_word' id='word_1_281' title='bbox 414 4011 481 4072; x_wconf 87' lang='lat' dir='ltr'><strong>sive</strong></span> <span class='ocrx_word' id='word_1_282' title='bbox 509 4009 650 4071; x_wconf 89' lang='lat' dir='ltr'><strong>dicantur</strong></span> <span class='ocrx_word' id='word_1_283' title='bbox 683 4011 842 4091; x_wconf 90' lang='lat' dir='ltr'><strong>miseriae,</strong></span> <span class='ocrx_word' id='word_1_284' title='bbox 875 4015 942 4078; x_wconf 90' lang='lat' dir='ltr'><strong>sive</strong></span> <span class='ocrx_word' id='word_1_285' title='bbox 975 4017 1121 4094; x_wconf 87' lang='lat' dir='ltr'><strong>virtutes,</strong></span> <span class='ocrx_word' id='word_1_286' title='bbox 1155 4025 1290 4096; x_wconf 89' lang='lat' dir='ltr'><strong>utraque</strong></span> 
     </span>
    </p>
   </div>
   <div class='ocr_carea' id='block_1_5' title="bbox 0 0 1322 4434">
    <p class='ocr_par' dir='ltr' id='par_1_5' title="bbox 0 0 1322 4434">
     <span class='ocr_line' id='line_1_37' title="bbox 0 0 1322 4434; baseline 0 1"><span class='ocrx_word' id='word_1_287' title='bbox 0 0 1322 4434; x_wconf 95' lang='lat' dir='ltr'><strong> </strong></span> 
     </span>
    </p>
   </div>
  </div>
 </body>
</html>
