2634 4434
543 327 613 396 281

51 556 188 618 miserat
232 555 324 620 Anno
356 558 395 621 ah
428 559 511 625 Urbe
543 563 668 628 cenum
695 558 897 627 dccccxci.
928 561 1109 647 Gordianus,

49 657 332 736 vigesimustertius
354 661 392 722 ab
414 659 572 742 Augusto,
598 660 766 743 Imperator
788 671 910 727 oreatus
931 673 995 744 est,
1018 687 1109 730 marr-

48 757 156 840 sitque
179 758 213 822 iu
234 776 271 825 eo
294 762 385 827 anais
403 778 469 826 aare
513 761 588 828 Nam
611 763 782 846 Pupienus,
795 764 987 830 interiectm
1007 765 1110 830 liari-

49 857 147 934 mini,
173 865 211 947 et
227 857 321 923 irater
342 865 410 944 ejus
431 863 598 941 Balbissa,
619 865 673 947 pai
696 873 919 948 usurpaverant
941 867 1003 928 im·
1025 863 1111 950 [510]
1158 892 1165 900 ’

48 959 190 1036 perium,
219 960 250 1021 iu
273 962 384 1042 palatio
408 983 478 1026 mox
500 965 657 1028 interfecti
679 974 759 1028 sunt.
805 965 977 1031 Gordianus
1000 970 1111 1032 admo-

48 1057 125 1124 dum
149 1069 226 1139 puer
253 1062 286 1123 iu
315 1062 473 1126 Orientem
500 1063 539 1124 ad
566 1063 681 1124 tretium
709 1065 879 1128 Parthicum
906 1067 1112 1148 proiecturus,

46 1159 137 1225 meas
160 1159 327 1242 Eutropius
360 1162 482 1238 scribit,
516 1161 585 1224 dauri
612 1171 718 1244 portas
743 1166 881 1246 aperuit:
913 1185 989 1248 quas
1021 1165 1111 1245 [511]

47 1267 155 1325 utrum
168 1269 241 1342 ¹post
256 1260 477 1340 Vespasianum
492 1267 524 1323 at
539 1261 640 1327 Titum
654 1264 766 1347 ahquis
782 1266 941 1347 clauserit,
958 1269 1112 1332 nemiuem

46 1363 218 1440 scripsisse
238 1361 374 1440 memini,
397 1380 468 1423 oum
488 1369 590 1426 umen
613 1381 667 1428 ees
688 1365 728 1428 ah¹
749 1367 817 1448 ipso
835 1367 1025 1450 Vespasiano
1044 1377 1113 1450 post

44 1479 170 1525 anuum
192 1467 314 1541 apertas
334 1462 495 1528 Cornelius
515 1463 637 1529 ‘iaoitus
659 1469 775 1548 prodat
811 1467 908 1552 igitur
929 1469 1112 1550 Gordianus,

47 1560 236 1646 ‘augentibus
253 1564 378 1656 praeliis
401 1565 562 1629 advorsum
584 1567 710 1631 Parthos
732 1586 879 1650 prospere
899 1571 1006 1652 gestis,
1032 1589 1110 1632 suo·
1222 1563 1225 1576 '

46 1680 126 1821 [αεὶ.
144 1660 253 1726 frauda
276 1642 358 1728 haud
378 1642 481 1748 longa
492 1684 513 1729 a
534 1667 674 1731 Giroossa
695 1687 789 1750 super
802 1669 987 1752 Euphratem
1009 1672 1111 1734 inter-

62 1768 159 1830 ectus
177 1771 236 1827 ast.

314 2022 838 2168 *sstptitXX*
1022 2061 1112 2186 [upra]
1246 2141 1248 2150 4

212 2195 402 2334 Impetum
426 2247 480 2314 M.
501 2247 589 2316 aaut
611 2248 762 2333 Philippi.-
780 2266 857 2316 eum
874 2245 961 2329 filio.

141 2422 233 2486 Anao
255 2423 293 2485 ab
315 2421 398 2483 Urbe
421 2422 541 2484 condita
564 2421 805 2486 uccccxcvtt.
827 2422 999 2502 Philippus,
1021 2423 1114 2504 vige-

52 2526 282 2604 simusquartus
314 2522 352 2621 ah
383 2521 543 2606 Augusto,
573 2521 742 2602 Imperator
774 2528 916 2599 oreatus,
946 2520 1115 2604 Philippum

51 2625 153 2688 [ilium
176 2641 270 2684 suum
290 2629 463 2684 consortem
486 2623 576 2704 regni
598 2622 687 2700 feeit,
717 2623 890 2704 mansitque
912 2625 943 2684 io
968 2639 1005 2688 ao
1027 2622 1116 2688 auus

52 2731 186 2805 septem.
230 2721 288 2785 Hic
314 2724 430 2804 primus
450 2721 671 2806 Imperatorum.
693 2725 828 2788 omnium
852 2723 1003 2787 Christia—
1027 2717 1115 2808 [otu]
1216 2731 1226 2744 ⁸

54 2843 116 2887 nus
140 2822 214 2902 fuit,
243 2843 279 2888 ae
301 2833 370 2906 post
390 2827 513 2888 tortium
528 2822 652 2905 Imperii
675 2825 743 2906 ejus
763 2837 877 2888 annum
900 2823 1005 2890 mitte·
1028 2820 1116 2906 ]514]
1181 2889 1186 2896 ,

55 2928 155 2987 simus
177 2943 193 2986 a
217 2926 393 2988 oonditioue
408 2926 522 2990 Romae
544 2945 642 2990 annus
665 2927 809 3010 impietus
831 2934 886 2991 est.
925 2925 968 2991 lta
992 2927 1115 3011 magui-

57 3025 127 3086 iiois
148 3024 229 3089 ludis
251 3027 485 3107 augustissimus
507 3030 641 3089 omnium
668 3029 901 3107 praeteritorum
930 3027 980 3090 hie
1009 3013 1117 3090 natalis

59 3143 161 3188 annus
182 3145 200 3188 a
224 3126 395 3188 Christiano
410 3125 596 3206 Imperatore
618 3126 792 3188 celebratus
815 3134 869 3188 est.
905 3128 969 3188 Neo
992 3127 1117 3190 dubium

61 3233 121 3305 est,
148 3227 222 3306 quin
245 3226 403 3307 Philippus
421 3225 515 3310 tapes
534 3230 638 3291 unua
658 3225 830 3291 devotionis
852 3229 980 3308 gratiam
1004 3233 1035 3288 et
1056 3227 1116 3288 ho·

61 3343 171 3388 norem
203 3327 242 3388 ud
270 3327 422 3390 Christum
452 3335 483 3389 ot
510 3325 679 3390 Ecclesiam
707 3328 884 3407 reportarit,
914 3327 1035 3408 quaudo
1068 3328 1119 3389 vel

62 3426 249 3497 adscensum
277 3427 375 3493 tuisse
406 3429 439 3490 in
473 3427 673 3508 Capitoihrm,
706 3427 938 3508 iuomolataaqas
966 3447 1006 3490 or
1035 3446 1119 3490 more

64 3527 184 3594 hostias
202 3529 308 3594 nudus·
326 3535 437 3592 auctor
454 3529 600 3591 ostendit.
639 3528 739 3592 mom
762 3536 873 3606 tamer,
897 3548 1009 3614 quam-⁹
1034 3526 1119 3610 [515]

65 3629 117 3694 uis
140 3628 272 3695 diuersis
297 3628 391 3707 touta,
419 3629 551 3694 tumultu
580 3629 706 3693 nititari
726 3638 757 3693 et
777 3631 866 3694 Deoii
888 3629 1001 3692 iraudo
1017 3630 1119 3690 iuter-

66 3727 141 3790 ieoti
169 3736 249 3791 suut.
