2634 4434
679 315 752 386 306

610 417 819 430 -m-—a

188 552 374 634 perfectiore
391 553 527 633 judicio,
555 553 627 632 quia
654 571 724 614 oum
751 555 784 614 in
812 551 953 612 omnibus
981 550 1134 612 humanae
1163 555 1250 614 vitae

188 655 354 716 uirtutibus
376 655 435 715 iste
456 673 510 734 par
531 653 635 730 luerit,
658 655 691 715 in
713 653 784 716 fidei
807 659 997 714 sacramento
1020 651 1249 734 religionisque

189 755 273 816 cultu
295 757 363 816 sine
385 755 448 816 ulla
470 757 696 834 comparatione
712 753 888 834 praecessit.
923 752 1082 833 Siquidem
1098 753 1151 814 ille
1168 772 1247 832 per-

188 863 324 930 secutor,
346 855 396 917 bic
419 863 600 936 propagator
621 856 787 917 Ecclesiae.
820 853 863 915 lta
886 854 930 914 illi
953 871 993 914 ne
1016 871 1096 915 unus
1119 854 1248 932 quidem

188 958 330 1035 proprius
344 955 435 1033 lilius,
452 974 513 1036 quo
528 973 709 1018 successore
724 956 884 1037 gauderet,
907 954 1043 1016 indultus
1067 961 1128 1015 est:
1152 954 1248 1035 hujus

187 1062 290 1117 autem
320 1056 440 1118 Orienti
464 1057 557 1119 simul
584 1064 677 1138 atque
701 1057 861 1119 Occidenti
884 1074 939 1136 per
960 1055 1122 1117 succiduas
1145 1071 1248 1133 usque

189 1158 229 1219 ad
249 1175 333 1220 nunc
352 1160 571 1238 generationes
591 1159 726 1240 gloriosa
750 1175 884 1239 propago
912 1157 1093 1218 dominatur.
1137 1154 1248 1234 ltaque

189 1265 225 1320 ut
244 1259 435 1320 Theodosius
455 1259 606 1321 addictam
632 1260 860 1341 Rempublicam
887 1259 932 1320 ira
960 1257 1018 1318 Dei
1046 1255 1248 1336 reparandam

191 1359 323 1421 credidit
345 1360 554 1421 misericordia
576 1362 676 1438 illius,
704 1378 825 1423 omnem
853 1359 994 1421 fiduciam
1024 1357 1132 1420 suiad
1154 1373 1247 1437 opem

191 1460 303 1520 Christi
325 1459 504 1542 conserens,
527 1463 674 1523 maximas
696 1461 763 1533 illas
791 1459 950 1542 Scythicus
975 1466 1103 1540 gentes,
1131 1457 1245 1519 sormi-

190 1561 339 1639 datasque
360 1562 479 1622 cunctis
502 1563 687 1643 majoribus,
709 1561 887 1624 Alexandro
909 1577 1034 1641 quoque
1054 1560 1099 1621 illi
1121 1559 1246 1640 Magno,

190 1662 271 1722 sicut
298 1661 460 1741 Pompeius
489 1662 713 1743 Corneliusque
743 1663 843 1724 testati
871 1669 959 1738 sunt,
989 1661 1134 1737 evitatas,
1160 1676 1248 1721 nunc

190 1769 308 1838 autem,
331 1763 484 1823 exstincto
503 1761 641 1824 Romano
664 1765 819 1839 exercitu,
847 1763 991 1824 Romanis
1019 1763 1109 1842 equis
1130 1762 1245 1822 armis-

191 1882 253 1941 que
275 1864 534 1940 instructissimas,
557 1863 617 1924 boc
638 1871 685 1925 est
700 1865 825 1941 Abnos,
848 1863 976 1926 Hunnos
995 1870 1026 1924 et
1042 1861 1165 1940 Gothos,
1191 1863 1246 1922 in-

191 1971 373 2025 cunctanter
392 1964 567 2044 adgressos,
588 1967 707 2045 magnis
730 1965 896 2047 multisque
918 1964 1041 2046 praeliis
1062 1949 1144 2025 uicit.
1181 1962 1246 2022 Ur-

192 2061 282 2136 [556]
307 2062 375 2124 bem
399 2063 693 2144 Constantinopolim
715 2067 814 2127 victor
834 2067 974 2127 intravit:
1003 2071 1038 2126 ut
1059 2083 1100 2126 ne
1121 2081 1247 2144 parvam

191 2165 286 2243 ipsam
302 2163 430 2239 Romani
445 2166 600 2228 exercitus
619 2183 740 2228 manum
764 2167 892 2229 adsidue
914 2166 1057 2228 bellando
1078 2165 1248 2244 detereret,

191 2263 302 2326 foedus
324 2283 394 2327 cum
416 2266 612 2348 Athanarico,
638 2285 715 2348 rege
739 2265 917 2344 Gothorum,
938 2268 1097 2347 percussit
1143 2265 1248 2327 Atha·-

192 2367 315 2427 naricus
337 2374 439 2428 antem
461 2369 624 2448 continuo,
652 2376 687 2429 ut
715 2356 1006 2447 Constantinopolim
1035 2367 1136 2443 venit,
1164 2367 1249 2428 diem

192 2465 276 2527 obiit.
321 2466 488 2528 Universae
512 2466 679 2530 Gothorum
702 2477 827 2550 gentes,
849 2486 925 2548 rege
948 2467 1109 2545 defuncto,
1138 2467 1248 2546 adspi-

193 2566 311 2628 cientes
332 2558 475 2629 v'irtutem
498 2567 784 2649 benignitatemque
807 2554 986 2646 Theodosii,
1013 2569 1150 2630 Romano
1177 2585 1249 2630 sese

192 2664 324 2746 lmperio
346 2668 538 2730 dediderunt.
584 2669 617 2729 ln
641 2671 748 2732 iisdem
772 2673 862 2732 etiam
894 2670 1002 2732 diebus
1029 2670 1155 2746 Persae,
1185 2672 1249 2749 qui,

192 2765 315 2828 Juliano
338 2768 500 2832 interfecto
523 2769 654 2852 aliisque
670 2771 905 2851 imperatoribus
925 2789 1017 2851 saepe
1042 2771 1142 2848 victis,
1166 2789 1251 2832 nunc

194 2870 285 2931 etiam
301 2869 430 2932 Valente
446 2874 476 2932 in
498 2857 602 2953 fugam
625 2880 703 2949 acto,
726 2873 957 2934 recentissimae
979 2873 1126 2934 victoriae
1149 2873 1250 2933 satie-

194 2977 286 3032 tatem
310 2972 403 3032 cruda
426 2973 623 3033 insultatione
651 2973 828 3050 ructabant,
851 2973 931 3034 ultro
955 2972 1251 3053 Constantinopolim

193 3069 232 3132 ad
254 3069 458 3132 Theodosium
480 3071 593 3135 misere
611 3073 749 3154 legatos,
779 3090 947 3154 pacemque
970 3065 1124 3153 supplices
1147 3091 1250 3154 popo-

193 3179 334 3234 scerunt:
364 3172 520 3253 ictumque
549 3182 611 3236 tum
633 3159 749 3236 ¹foedus
778 3182 839 3252 est,
867 3193 928 3254 quo
951 3177 1115 3238 universus
1138 3174 1252 3238 Oriens

194 3291 294 3354 usque
317 3273 355 3336 ad
377 3292 460 3335 nunc
480 3275 732 3355 tranquillissime
754 3275 874 3340 fruitur.
908 3276 1028 3338 lnterea
1050 3293 1120 3338 cum
1143 3275 1250 3338 Theo-

195 3374 315 3452 dosius,
343 3375 375 3435 iu
398 3374 525 3438 Oriente
546 3374 683 3440 subactis
703 3376 900 3438 barbarorum
922 3377 1084 3458 gentibus,
1107 3376 1252 3440 Thracias

195 3475 317 3537 tandem
340 3475 377 3537 ab
400 3475 489 3538 hoste
514 3477 627 3540 liberas
655 3478 853 3560 reddidisset,
882 3486 914 3540 et
942 3478 1125 3556 Arcadium,
1155 3477 1252 3540 filium

195 3594 300 3653 suum,
323 3583 496 3642 consortem
525 3577 652 3640 fecisset
679 3561 822 3659 Imperii,
845 3578 1011 3657 blaximus,
1045 3580 1093 3640 vir
1124 3579 1252 3659 quidem

195 3685 340 3740 strenuus
379 3683 411 3738 et
442 3677 555 3757 probus
588 3686 681 3758 atque
714 3682 854 3760 Augusto
889 3681 1016 3761 dignus,
1051 3681 1111 3742 nisi
1144 3686 1252 3742 contra

196 3779 378 3841 sacramenti
401 3778 490 3841 sidem
512 3797 568 3858 per
592 3779 783 3857 tyrannidem
813 3781 1004 3858 emersisset,
1034 3782 1066 3842 in
1094 3779 1251 3847 Britannia

196 3879 311 3938 invitus
345 3879 561 3958 propemodum
595 3877 633 3940 ab
668 3881 807 3942 exercitu
839 3878 1007 3959 Imperator
1044 3889 1182 3956 creatae,
1221 3883 1251 3942 in

197 3975 324 4038 Galliam
356 3980 487 4040 transiit:
523 3979 577 4040 ubi
605 3976 780 4040 Gratianum
809 3974 982 4060 Augustum
1010 3982 1112 4046 subita
1140 3985 1250 4046 incur-
