2634 4434
563 333 612 404 99

482 437 690 446 -—-·—-—-—

65 568 214 650 prioribus
243 575 414 649 comparata
443 570 476 630 in
502 569 562 632 hoc
589 577 728 651 tempore
757 571 874 634 minora
900 579 986 634 suot:
1019 579 1114 653 atque

65 672 102 731 ita
131 677 263 750 utraque
288 687 344 750 pro
372 670 462 732 nobis
488 669 606 733 faciunt
633 673 665 734 in
693 673 919 754 comparatione
946 671 1113 736 Alexandri

64 777 153 851 atque
185 771 362 834 Persarum:
396 774 423 834 si
456 773 554 835 virtus
582 791 666 835 nunc
693 775 830 837 vocanda
859 781 923 852 est,
947 775 1046 836 minor
1067 780 1115 836 est

62 870 208 934 bostium:
232 873 259 934 si
282 873 414 952 miseria,
438 874 538 936 minor
559 881 607 938 est
627 875 843 943 Romanorum.

404 1160 591 1299 taput
645 1161 772 1270 lllll.
1022 1191 1113 1270 [taor

76 1397 329 1478 Etruscorum,
361 1399 583 1483 Umbrorum,
614 1400 823 1470 Samnitium
852 1405 887 1467 et
914 1397 1093 1468 Gallorum

216 1503 337 1577 contro
358 1499 535 1569 Romanor
560 1507 754 1586 eonjrrrott'o
777 1507 810 1569 et
830 1504 956 1570 clades.

143 1684 238 1746 Anno
261 1686 299 1748 ab
322 1688 405 1750 Urbe
427 1691 549 1754 condita
568 1691 699 1754 CCCCL.
714 1691 806 1752 Fabio
821 1690 953 1752 lllaximo
967 1689 1002 1752 V.
1017 1689 1114 1749 Decio

57 1786 144 1848 llure
176 1785 225 1848 lV.
259 1789 452 1868 consulibus,
491 1799 623 1872 quatuor
654 1791 812 1854 tortissimi
844 1779 1145 1868 florentissimiqua'

56 1886 171 1950 ltaliue'
192 1886 294 1966 populi
322 1890 353 1949 in
377 1906 471 1951 unum
495 1909 605 1973 agmen
627 1891 801 1974 foedusque
823 1892 972 1954 coierunt.
1015 1887 1113 1950 Nam-.

58 2007 117 2068 que
141 1987 280 2066 Etrusci,
310 1989 431 2069 Umbri,
460 1991 612 2055 Samnites
634 2001 666 2056 et
689 1992 780 2070 Galli,
804 2010 866 2054 uno
886 1991 1008 2073 agmine
1032 2006 1113 2051 con·

58 2091 225 2169 spiranteS‚
258 2087 410 2153 Romanos
444 2093 549 2156 delere
581 2095 683 2156 conati
716 2100 795 2157 sunt.
839 2091 1022 2154 'tremefacti
1054 2091 1113 2152 hoc

57 2189 139 2251 bello
156 2189 360 2252 Romanorum
376 2193 469 2254 animi
490 2201 522 2256 et
543 2195 724 2258 labefactata
747 2195 858 2256 fiducia
881 2199 941 2256 est:
965 2210 1024 2252 nec
1046 2193 1113 2253 ausi

57 2296 156 2351 totum
179 2308 303 2370 sperare
326 2293 365 2355 de
387 2293 522 2373 viribus,
546 2295 616 2358 dolo
639 2297 773 2359 divisere
795 2295 914 2372 hostes,
937 2293 1034 2355 tutius
1055 2292 1114 2352 rati

56 2391 198 2470 pluribus
224 2409 259 2454 se
286 2393 376 2456 bellis
404 2395 552 2475 inplicare
579 2415 670 2476 quarn
699 2398 852 2478 gravibus.
896 2394 1003 2473 ltaque
1032 2410 1112 2468 cum,

59 2493 241 2570 quibusdam
263 2495 328 2556 suis
350 2496 386 2556 aa
409 2496 599 2576 populandos
621 2496 750 2558 hostiles
778 2511 868 2576 agros
900 2495 931 2555 in
959 2492 1112 2552 Umbriam

56 2591 273 2675 Etruriamque
300 2597 493 2675 praemissis,
521 2595 703 2658 Umbrorum
731 2595 994 2674 Etruscorumque
1016 2609 1112 2654 exer·
1154 2608 1163 2720 p
1283 2628 1299 2638 „

57 2694 152 2754 citum
167 2696 270 2757 redire
289 2698 328 2759 ad
351 2699 514 2760 tuitionem
536 2715 662 2758 suorum
684 2699 870 2779 coegissent,
894 2715 970 2758 cum·
987 2693 1112 2757 Samni-

57 2793 141 2856 tibus
171 2803 204 2858 et
227 2795 320 2859 Gallis
343 2797 456 2860 bellum
479 2798 559 2860 inire
580 2804 751 2879 properant.
796 2798 830 2858 ln
854 2784 1019 2877 quo'bello
1043 2811 1112 2863 cum

57 2892 215 2957 Gallorum
237 2899 353 2979 impetu
375 2899 502 2962 Romani
525 2907 753 2980 premerentur,
782 2899 896 2961 Decius
924 2895 1031 2960 consul
1054 2911 1112 2956 oo-

56 2997 140 3058 oisus
175 3005 229 3062 est.
283 2999 394 3063 Fabius
427 3009 537 3065 tamen·
561 3008 629 3082 post
661 3019 800 3083 magnam
834 3001 988 3063 Decianae
1021 2995 1113 3076 partis

55 3103 192 3179 stragem
212 3100 335 3162 tandem
350 3102 438 3163 vicit·
469 3103 515 3164 Eo
529 3103 645 3181 praelio
662 3102 862 3184 quadraginta
879 3100 972 3172 millia
987 3098 1112 3161 Samni·
1168 3103 1171 3108 ’
1215 3094 1241 3184 ᾗ
1293 3167 1299 3194 ἦ

55 3200 132 3259 tium
154 3201 221 3261 sive
244 3200 399 3262 Gallorum
420 3182 524 3281 caesa,
547 3201 751 3264 Romanorum
773 3219 849 3264 vero
875 3208 992 3279 septem
1020 3199 1113 3261 millia
1239 3185 1264 3214 “’
1298 3213 1299 3220 ’

55 3318 95 3360 ex
110 3300 202 3362 Decii
218 3304 427 3365 tantummodo
441 3311 538 3384 parte,
561 3305 615 3384 qui
634 3304 754 3366 occisus
771 3310 827 3379 est,
851 3301 1001 3363 exstincta
1023 3300 1074 3362 ref
1093 3334 1112 3346 -

54 3407 176 3463 runtur.
220 3401 328 3466 Fuisse
360 3412 462 3467 autem
496 3405 613 3486 absque
641 3401 779 3466 Etruscis
809 3410 840 3465 et
866 3402 996 3482 Umbria
1022 3399 1112 3487 [197]

54 3518 135 3579 quos
158 3509 227 3564 astu
249 3503 377 3568 Romani
400 3493 481 3568 bello
504 3513 726 3584 avocaverunt,
756 3504 908 3568 Gallorum
933 3513 964 3568 et
987 3507 1112 3570 Samni·
1211 3513 1213 3516 ’

55 3602 133 3662 tium
157 3603 294 3683 peditum
318 3614 441 3668 centum
458 3607 658 3689 quadraginta
675 3608 768 3669 millia
785 3609 915 3670 trecenti
931 3615 962 3670 et
978 3609 1112 3687 triginta,
1133 3630 1136 3643 =

54 3703 197 3781 equitum
218 3724 294 3768 vero
317 3708 524 3788 quadraginta*
540 3717 672 3789 quatuor
693 3709 798 3787 millia,
821 3709 925 3771 Livius
947 3707 1057 3769 refert:
1082 3711 1114 3766 et
1158 3699 1167 3788 J
1194 3765 1195 3768 ,

54 3805 267 3884 carpentarios
290 3809 373 3871 mille
395 3810 427 3870 in
450 3811 541 3871 armis
564 3817 670 3872 contra
689 3810 786 3872 acie'm
802 3811 925 3872 stetisse
939 3807 1112 3869 Romanam.

53 3904 117 3966 Sed
144 3911 177 3966 ut
199 3924 293 3988 saepe
315 3910 428 3971 dictum
452 3917 515 3988 est,
543 3927 665 3990 semper
694 3910 898 3972 Romanorum
926 3913 978 3968 aut
1000 3905 1111 3969 dome-

52 4006 165 4069 sticam
189 4007 326 4088 quietern
350 4012 505 4075 extraneis
533 4011 623 4074 bellis
650 4009 892 4087 interpellatam,
921 4013 974 4069 aut
1003 4014 1112 4068 exter-
