2634 4434
470 295 601 391 ,aa

63 527 109 606 qui
129 528 209 590 inter
230 533 398 590 scortorum
420 545 534 610 greges
556 528 690 592 feminac
712 530 818 592 babitu
844 545 1006 612 purpuram
1033 531 1103 594 eolo

60 633 200 706 tractans,
227 645 244 690 a
272 627 427 709 praelecto
460 647 517 692 suo
550 630 681 711 Arbato,
715 632 769 712 qui
801 638 875 692 tunc
907 629 1004 694 bladis
1036 628 1102 713 [74]

59 736 201 806 praeerat,
228 727 312 789 visus
334 735 427 808 atque
449 733 655 795 exsecrationi
677 731 809 809 babitus,
832 748 904 793 mox
926 731 1018 794 etiam
1041 749 1102 792 ex-

58 827 122 890 citis
146 827 305 892 Medorum
332 829 452 909 populis
479 831 516 894 ad
545 833 658 895 bellum
691 839 893 912 provocatus,
927 839 959 894 et
991 832 1103 905 vietus,

58 927 171 990 ardenti
198 945 292 1008 pyrae
319 945 353 990 se
381 929 495 1010 injecit.
539 931 618 994 Exin
646 948 776 1014 regnum
804 931 1000 1012 Assyriorum
1035 923 1102 1010 [75]

55 1027 83 1087 in
104 1027 210 1090 Medos
232 1030 393 1090 concessit.
436 1030 556 1092 Deinde
585 1031 689 1093 multis
715 1031 839 1110 praeliis
864 1032 1002 1112 undiqpe
1028 1047 1102 1092 soa·

38 1126 250 1204 tementibus,
274 1146 354 1208 quae
376 1130 592 1208 perordinem
615 1131 768 1194 disserere
790 1148 985 1210 nequaquam
1000 1136 1104 1210 aptum

53 1215 184 1306 ridetur,
207 1246 262 1308 per
282 1229 384 1290 varios
406 1237 573 1309 proventus
595 1231 633 1292 ad
657 1219 784 1312 Scythas
807 1230 1049 1310 chaldaeosque,
1072 1236 1105 1292 et

53 1344 157 1391 rursus
180 1329 217 1392 ad
239 1327 344 1392 Medos
366 1330 454 1410 parili
475 1333 525 1393 via
547 1331 647 1394 rediit.
692 1331 726 1394 ln
755 1349 815 1411 qua
841 1331 992 1394 brevitate
1019 1348 1102 1411 pen-

52 1430 179 1494 sandum
213 1435 273 1492 est:
308 1437 441 1509 quantae
472 1433 597 1508 ruinae,
631 1432 796 1512 cladesque
828 1433 968 1514 gentium
1003 1430 1103 1508 luere,

53 1539 167 1609 quanta
187 1529 269 1591 bella
283 1528 448 1606 linxerunt,
471 1531 524 1592 ubi
547 1533 637 1593 toties
659 1538 704 1593 tot
726 1539 757 1594 et
779 1532 850 1594 talia
871 1550 967 1614 regna
990 1537 1103 1594 mutata
1126 1561 1135 1573 ·

51 1639 129 1694 sunt.
170 1629 241 1691 Post
262 1628 340 1689 baec
354 1627 450 1690 lllledis
464 1629 625 1690 Phraortes
646 1630 842 1709 imperitavit,
865 1633 920 1710 qui
941 1649 1014 1692 cre·
1037 1627 1103 1710 [top

50 1729 192 1794 berrimis
220 1730 379 1790 Persarum
406 1728 667 1808 Assyriorumque
699 1729 790 1791 bellis
821 1731 932 1812 viginti
965 1737 997 1792 at
1028 1730 1106 1793 duos

50 1833 138 1913 regni
169 1831 218 1894 sui
245 1845 343 1891 armos
376 1827 553 1890 consumsit.
596 1827 667 1890 Post
693 1829 776 1892 bunc
801 1831 926 1894 Diocles
951 1830 1103 1915 regnarit,

51 1933 95 1994 rir
122 1932 216 1994 armis
243 1929 544 2010 experientissimus,
577 1945 762 2011 semperque
790 1931 881 1994 bellis
908 1933 1102 2007 immoratus;

51 2034 100 2110 qui
124 2039 249 2094 auctum
271 2030 333 2092 late
348 2030 509 2109 imperium
525 2029 658 2091 moriens
674 2029 801 2112 Astyagi
816 2031 907 2094 dedit.
940 2032 1103 2114 Astyages,

50 2133 129 2193 virili
159 2131 247 2212 prole
275 2147 407 2207 vacuus,
435 2131 547 2210 Cyrum
570 2138 712 2212 nepotem
735 2131 815 2210 apud
837 2131 943 2193 Persas
965 2134 1105 2212 genitum

49 2230 164 2310 babuit.
211 2231 272 2295 Sed
295 2231 403 2311 Cyrus,
426 2249 499 2291 mox
519 2239 554 2294 ut
574 2230 721 2308 adolevit,
743 2238 930 2317 congegatio
945 2232 1105 2293 Persarum

51 2350 157 2411 rnanu,
182 2349 240 2394 avo
263 2337 418 2393 certamen
440 2331 559 2393 indixit.
604 2331 697 2392 Porro
719 2330 873 2412 Astyages
894 2332 1008 2393 oblitus
1029 2350 1105 2394 sce-

48 2430 120 2494 leris
144 2434 206 2510 sui,
230 2431 311 2512 quod
334 2433 365 2493 in
389 2431 561 2512 Harpagum
585 2430 700 2492 dudum
721 2431 896 2505 admiserat,
919 2449 988 2490 cum
1009 2430 1106 2492 lilium

48 2532 113 2613 ejus
143 2534 270 2596 unicum
300 2539 332 2594 et
358 2531 518 2612 parvulum
547 2529 719 2606 interfecit,
752 2527 1000 2609 epulandumque
1014 2527 1107 2608 patri

48 2634 203 2712 adposuit,
226 2653 262 2696 ac
284 2651 324 2695 ne
347 2632 421 2712 quid
444 2629 675 2692 infelicissimae
697 2628 821 2692 orbitati
843 2628 919 2692 lellx
933 2631 1107 2712 ignorantia

48 2733 262 2816 subtraheret,
280 2732 428 2795 infames
465 2731 587 2812 epulas,
623 2733 756 2793 ostensis
792 2733 870 2811 patri
903 2749 973 2794 eam
1006 2733 1107 2810 eapite

48 2837 210 2912 manibus,
240 2834 455 2914 improperavit.
498 2833 595 2914 Hujus
629 2849 705 2913 ergo
734 2831 807 2894 laeti
834 2833 1012 2910 immemor,
1048 2833 1107 2912 ipsi

46 2933 193 3018 Harpago
215 2953 362 2998 summam
385 2933 459 2996 belli
482 2933 652 3010 committit,
675 2933 729 3012 qui
751 2940 911 3013 acceptum
934 2934 1105 2996 exercitum

47 3039 151 3098 statim
170 3037 250 3116 Cyro
273 3054 328 3117 per
350 3035 551 3114 proditionem
576 3034 674 3096 tradit.
707 3035 776 3108 Quo
798 3041 965 3114 comperto,
988 3035 1124 3114 Astya-‘

45 3154 113 3217 ges,
138 3138 236 3217 raptis
251 3153 356 3199 seeum
372 3135 478 3214 copiis,
499 3135 529 3195 in
546 3134 651 3196 Persas
667 3135 733 3212 ipse
747 3134 961 3215 proficiscitur,
983 3136 1106 3196 aerius-
1141 3119 1144 3124 ’

48 3255 109 3316 que
135 3245 295 3300 certamen
318 3239 482 3313 instaurat,
510 3235 759 3314 propositosuis
794 3240 893 3310 metu,
927 3233 955 3294 si
987 3234 1057 3313 quis
1089 3253 1108 3298 e

45 3338 170 3418 praelio
200 3339 312 3400 cedere
341 3338 514 3412 moliretur,
542 3334 625 3397 ferro
653 3335 857 3413 exciperetur.
903 3334 969 3409 Qua
991 3353 1106 3400 neces·

46 3441 140 3502 sitate
166 3440 319 3501 instanter
338 3437 435 3500 Medis
457 3435 680 3518 pugnantibus,
708 3433 794 3515 pulsa
815 3435 928 3499 iterum
949 3437 1108 3501 Persarum

45 3544 150 3620 acies,
190 3557 261 3602 cum
295 3539 438 3621 paulatim
472 3536 614 3616 eederet,
647 3543 760 3598 matres
792 3544 823 3599 et
854 3555 968 3601 uxores
1001 3557 1109 3601 eorum

47 3641 177 3704 obviam
207 3647 389 3717 occurrunt,
423 3646 525 3716 orant,
559 3640 591 3701 in
619 3639 769 3719 praelium
794 3645 1003 3701 revertantur:
1040 3635 1107 3710 [ll]

46 3741 291 3820 cunctantibus,
319 3739 438 3804 sublata
467 3747 569 3817 veste,
597 3739 751 3801 obscoena
774 3720 1109 3819 corporisostssdunt,

47 3850 260 3923 quaerentes,
293 3860 366 3904 num
400 3842 431 3902 in
465 3847 569 3902 uteros
603 3847 731 3902 matrum
758 3840 809 3903 vel
836 3855 967 3900 uxorum
994 3838 1111 3902 vellent

43 3945 211 4028 refugere.
239 3944 326 4017 .Quo
353 3940 433 4004 lacto
461 3941 682 4004 erubescentes
714 3942 746 4002 in
779 3939 928 4018 praelium
955 3939 1108 4002 redeunt:
