2634 4434
519 315 602 431 tt

64 567 119 629 quo
143 548 341 616 Macedoniae
364 552 573 634 conjungitur,
596 552 647 614 vel
671 553 771 632 potius
793 551 924 630 Atticac,
947 556 1001 634 qui
1023 553 1110 618 locus

61 649 183 720 lstbmos
216 660 358 730 vocatur,
391 653 445 716 ubi
472 660 520 719 est
548 652 728 730 Corinthus,
755 652 872 715 babens
894 654 926 715 in
951 654 1049 718 Attica
1071 655 1109 718 ad

62 749 181 815 boream
204 771 265 816 non
289 754 382 836 longe
403 754 540 820 Athenas
568 754 732 821 atvitaten.
776 740 925 818 Dalmatia
952 754 1045 819 babet
1071 755 1110 819 ab

61 854 176 918 oriente
198 854 423 934 Macedoniam,
450 855 488 920 ab
515 855 661 937 aquilone
694 856 893 920 Dardaniam:
927 875 944 918 a
977 863 1109 937 septen·
1161 856 1166 866 “

61 955 154 1020 bione
176 954 338 1056 Moesiam,
366 956 404 1020 ab
432 973 543 1023 occasu
566 957 699 1035 lstriam,
722 965 754 1021 et
775 959 876 1020 sinum
898 951 1109 1034 Liburnicum,

59 1061 87 1116 at
107 1056 223 1120 insulas
243 1057 440 1132 Liburnicas:
468 1078 485 1122 a
509 1058 637 1123 meridie
659 1058 849 1125 Adriaticum
869 1059 982 1124 sinum.
1025 1059 1108 1122 Pan-

59 1158 163 1236 nonia,
190 1157 336 1236 Noricus,
366 1167 398 1222 et
422 1159 531 1225 Bbetia
559 1161 674 1226 habeat
701 1163 740 1226 ab
762 1162 884 1226 oriente
906 1160 1109 1236 ltocsiam,n

57 1258 182 1322 meridia
204 1259 333 1338 istriam,
355 1261 393 1323 ab
416 1260 513 1330 africo
535 1262 629 1348 Alpes
649 1263 813 1341 Poeninas,
835 1263 874 1326 ab
896 1268 1009 1325 oc‘casu
1030 1259 1109 1324 Gal·

56 1354 121 1420 liam
145 1358 316 1441 Belgicam,
340 1362 474 1429 acircio
502 1365 641 1430 Danubii,
662 1365 795 1442 iontem,
823 1372 855 1426 et
883 1364 1026 1441 limitem,
1053 1364 1109 1444 qai

54 1457 243 1527 Germaniam
273 1479 290 1524 a
318 1461 414 1528 Gallia
443 1467 524 1532 inter
550 1467 725 1532 Danubium
748 1465 940 1547 Galliamque
961 1465 1108 1539 secernit,
1157 1509 1161 1518 .

53 1577 68 1620 a
97 1563 313 1643 septentrione
341 1565 515 1630 Danubium
550 1574 581 1631 et
608 1565 810 1631 Germaniam.
854 1567 961 1630 ltaliae
986 1568 1064 1628 situs
1090 1583 1108 1626 a

53 1661 145 1726 circio
180 1663 212 1725 in
247 1680 355 1727 eurum
384 1665 535 1742 tenditur,
568 1666 686 1729 babens
717 1667 760 1728 alt
788 1667 887 1728 airico
917 1666 1108 1746 Tyrrhenum
1137 1701 1141 1707 ·

54 1780 148 1848 mare,
172 1783 188 1827 a
212 1764 519 1830 borea‘Adriaticum
542 1767 660 1830 sinum:
684 1767 830 1848 cujusce
852 1784 922 1848 pars
945 1784 1004 1846 qua
1026 1783 1108 1827 con·

51 1864 161 1928 tinenti
185 1872 287 1930 temne
309 1869 481 1934 communis
502 1875 535 1930 et
557 1869 703 1950 contigua
725 1875 794 1946 est,
815 1869 939 1948 Alpium
967 1867 1108 1930 obicibus

49 1963 236 2030 obstruitur:
267 1985 348 2048 quac
376 1987 393 2031 a
422 1967 538 2034 Gallico
566 1971 641 2035 mari
668 1988 763 2050 arrper
789 1971 978 2052 Ligusticum
1007 1971 1107 2033 sinum

53 2065 271 2149 exsurgentes
286 2071 415 2148 primum
424 2068 669 2134 Narbonensium
680 2070 769 2146 lines,
782 2071 895 2132 deinde
901 2071 1029 2134 Galliam
1041 2064 1108 2160 [251

51 2167 256 2250 Bbetiamquc
278 2157 454 2249 secludunt,
477 2171 577 2235 donec
599 2174 630 2234 in
652 2174 724 2236 sinu
738 2173 906 2236 Liburnica
927 2173 1107 2256 deligantur.

50 2269 147 2334 Gallia
171 2271 296 2352 Belgica
324 2271 417 2335 babet
443 2271 481 2334 ab
501 2274 626 2337 oriente
649 2274 775 2336 limitem
799 2273 933 2336 {luminis
953 2273 1054 2336 libeni
1077 2281 1109 2336 et

49 2371 259 2462 Germaniam,
278 2373 316 2438 ab
337 2391 414 2436 euro
429 2371 525 2454 Alges
540 2374 703 2452 Penninas,
726 2393 743 2436 a
764 2376 895 2438 meridie
917 2376 1107 2454 provinciam

49 2471 288 2550 Narbonensem,
309 2473 348 2535 ab
371 2491 483 2538 occasa
502 2476 692 2554 provinciam
708 2474 958 2555 Lugdunensem,
980 2478 1108 2536 acircio

48 2591 201 2642 occanum
221 2575 451 2653 Britannicum,
479 2593 497 2637 a
521 2575 735 2655 septentrione
757 2573 942 2637 Britanniam
965 2574 1105 2638 insulam.

49 2673 147 2745 Gallia
169 2676 403 2759 Lugdunensis,
431 2677 522 2742 ducta
549 2661 605 2757 ner
632 2675 775 2760 magum,-
798 2684 835 2739 et
861 2683 1107 2759 perangustum

48 2777 179 2857 inflexa,
220 2779 436 2860 Aquitanicam
473 2778 662 2858 prouinciam
699 2779 883 2860 semicingit.
949 2779 1033 2841 llaec
1067 2778 1108 2842 ab

49 2882 174 2947 oriente
196 2879 289 2946 babet
306 2879 477 2961 Belgicam,
500 2879 808 2960 amoridiegartem
830 2879 1010 2960 provinciae
1022 2877 1106 2942 Nar·
1144 2886 1152 2899 ·

46 2981 209 3060 bonensis,
232 2997 292 3063 qua
314 2981 424 3047 metas
447 2981 555 3046 civitas
573 2981 635 3044 sita
656 2988 715 3059 est,
738 2982 867 3046 otmari
886 2978 1105 3046 Gallicollbo-

47 3082 118 3147 dani
143 3083 259 3150 llumen
282 3083 442 3163 excipitur.
479 3079 690 3149 Narbonensis
709 3083 880 3162 provincia,
902 3099 971 3164 pars
987 3081 1104 3147 Gallia-

45 3202 133 3265 nrnr,
161 3183 255 3251 babet
280 3182 319 3252 ab
348 3183 468 3265 oriente
488 3181 586 3264 Aluos
605 3183 724 3247 -Gottms
740 3183 786 3247 ab
805 3185 969 3248 occidente
991 3182 1104 3263 Hispa-

46 3287 150 3364 niam,
178 3305 198 3352 a
223 3286 320 3352 circio
341 3284 560 3366 Adulterium,
583 3303 600 3347 a
622 3285 834 3365 sepmntrionc
856 3283 1105 3366 lugdunensem,

44 3387 83 3452 ab
106 3386 257 3469 aquitana
277 3385 434 3469 Belgicam
458 3383 602 3462 Galliam,
626 3403 648 3446 a
676 3385 805 3451 meridie
828 3403 915 3451 mara
944 3383 1105 3464 Gallicum,

46 3489 133 3570 quod
152 3495 205 3554 esi
227 3490 312 3554 inter
339 3487 509 3554 Sardiniam
535 3492 572 3549 et
600 3485 717 3554 insulas
739 3485 901 3566 Baleares,
927 3487 1045 3552 babeas
1068 3488 1104 3554 in

45 3588 153 3658 inante
175 3607 236 3672 qun
255 3589 423 3659 numanus
446 3586 559 3654 fluuius
581 3589 612 3653 in
637 3607 720 3653 marc
742 3589 817 3668 exit,
839 3589 955 3654 insulas
971 3589 1104 3658 Siccha·-

46 3689 109 3758 das,
152 3692 341 3773 Acutanica
367 3689 526 3772 prouincia
554 3689 681 3771 obliquo
703 3708 795 3754 cursu
817 3689 937 3773 Ligeris
958 3690 1104 3767 fluminis,

46 3794 101 3873 qui
122 3809 169 3860 er
189 3792 321 3875 plurima
340 3798 429 3877 ⁴panta
450 3792 601 3858 terminus
624 3794 692 3874 ejus
709 3799 776 3870 ast,
799 3793 835 3855 in
859 3791 967 3858 orbern
991 3790 1104 3873 agitur.

44 3891 134 3962 llaec
150 3913 173 3962 a
189 3895 292 3962 acircio
308 3910 463 3961 ‹occannm
489 3894 545 3974 arti
561 3893 771 3974 Ammoniace
796 3893 884 3962 draus
905 3891 1038 3972 dicitur,
1060 3892 1103 3956 ab

43 4011 164 4066 bonust
184 3995 346 4086 firmins
364 3993 475 4072 babel,
499 3995 755 4074 annuloutriane
774 3998 809 4056 ct
830 3992 950 4057 oriente
969 3993 1102 4076 langdu-
