2634 4434
707 327 778 396 too
874 405 879 414 ,

214 579 272 626 nos
297 569 465 644 proventus
492 562 606 625 morbis
634 562 833 626 interioribus
855 561 1052 642 adgravatae,
1075 567 1208 639 tantum,
1232 567 1260 622 ut

215 665 397 726 omnimodis
419 666 563 746 ingentes
581 665 675 728 animi
699 664 907 743 undecunque
933 668 1163 742 premerentur,
1192 662 1260 723 banc

215 773 373 828 cruentam
389 767 569 846 tristemque
585 767 743 829 victoriam
766 757 941 845 pestilentia
963 765 1095 826 civitatis
1118 764 1260 838 oneravit,
1303 799 1304 826 t

215 873 247 928 t
269 865 467 946 triumphales
488 882 614 946 pompas
641 866 753 928 obviae
781 872 970 927 mortuorum
998 867 1168 944 exsequiae
1196 855 1304 944 poi·
1303 861 1304 918 i

215 967 348 1029 luerunt.
391 965 456 1028 Neo
481 975 565 1053 erat,
593 968 644 1029 eui
673 968 711 1030 de
734 965 887 1048 triumpho
909 966 1054 1048 gaudium
1077 967 1304 1039 suaderetur

215 1085 284 1130 cum
308 1074 371 1130 tota
393 1068 502 1131 civitas
523 1076 576 1130 aut
598 1069 700 1151 aegris
722 1070 905 1150 suspiraret,
928 1074 980 1130 eut
1003 1069 1138 1130 mortuis

1303 1169 1304 1258 t

539 1354 738 1493 deput
791 1353 946 1462 xxti.

216 1595 364 1663 Romani
385 1613 408 1660 ο
430 1589 648 1662 Samnitibus
674 1597 754 1662 uicti
782 1597 920 1662 eosdem
946 1595 1102 1661 vinceret.-
1134 1594 1264 1662 Intole—
1303 1635 1304 1688 ξ

186 1699 338 1777 ,reditis
359 1694 534 1764 Homerios
553 1701 751 1782 pestilentie
773 1699 910 1784 adstiptt.
954 1694 1108 1762 iterarem·
1124 1693 1266 1763 Somni·
1303 1691 1304 1770 t

217 1802 272 1867 tes
307 1804 492 1881 serperent,
528 1805 564 1864 et
588 1802 727 1867 eederet.
778 1797 909 1876 Curium
938 1799 1062 1864 conaret
1088 1798 1209 1864 deltam
1235 1801 1266 1863 in
1303 1771 1304 1836 3

217 1899 371 1968 Sabinos
396 1895 541 1986 feliciter
568 1902 666 1984 perit.
721 1895 870 1966 Romani
902 1921 925 1966 ο
957 1896 1069 1966 earm
1100 1901 1268 1986 sociisque

427 2017 547 2066 eorum
564 2000 702 2086 [oedem
724 2001 853 2066 cladem
875 2003 1057 2085 occipiunt.
1102 2000 1107 2021 '

149 2231 182 2271 „s
304 2190 452 2271 Sequitur
472 2207 581 2268 annus,
605 2207 666 2270 qno
689 2189 827 2267 Romani,
851 2191 1018 2250 instaurato
1045 2209 1062 2251 a
1085 2189 1270 2252 Samnitibus

217 2293 317 2369 bello,
344 2291 419 2352 vieti
446 2297 533 2367 sunt,
561 2297 654 2370 atque
681 2292 713 2352 in
741 2297 839 2352 eastra
867 2287 1021 2370 fugerunt.
1065 2290 1174 2352 Postea
1197 2293 1304 2372 vero}

219 2393 372 2458 Samnites
399 2407 512 2452 novum
542 2391 678 2453 habitum
707 2392 905 2471 animumque
932 2396 1104 2466 sumentes,
1132 2389 1192 2451 boc
1217 2399 1270 2466 est,

139 2533 146 2541 —
219 2491 310 2570 [198]
333 2493 542 2574 deargentatis
564 2495 656 2555 armis
678 2511 714 2556 ee
735 2493 873 2555 vestibus
899 2497 1066 2572 paratoque
1093 2491 1214 2568 animo,
1245 2493 1270 2552 ni
1303 2555 1304 2578 ξ

217 2597 345 2656 vineant
366 2595 460 2670 meri,
482 2594 565 2654 betto
587 2609 622 2656 se
644 2573 701 2656 obi
699 2579 795 2658 erunt.
841 2579 1012 2656 Adversum
1034 2599 1114 2671 quos
1136 2591 1304 2672 Papirius

218 2693 328 2756 consul
356 2697 426 2754 eum
455 2695 595 2754 exercitu
623 2697 750 2770 misses,
785 2711 854 2754 curn
888 2709 905 2754 ο
938 2691 1075 2773 pullariis
1104 2693 1270 2774 auguribus

167 2784 178 2869 ,¹¹
218 2814 297 2858 vana
331 2793 575 2874 conjectantibus
610 2793 758 2875 congredi
791 2792 1031 2874 prohiberetur,
1055 2793 1185 2856 irridens
1219 2811 1270 2856 eos
1303 2801 1304 2804 ’

168 2904 279 2975 &tam
310 2894 444 2956 feliciter
472 2891 607 2955 confecit
638 2894 771 2972 betium,
805 2911 895 2974 quam
929 2900 1106 2956 constanter
1138 2897 1270 2975 arripuit.
1303 2913 1304 2920 ο

154 3000 201 3051 ‘fa
218 2995 294 3059 Nam
317 2997 348 3056 in
376 2994 435 3056 boc
462 2995 579 3074 praetio
607 2993 770 3056 duodecim
795 2995 891 3057 miliia
921 2995 1057 3056 hostium
1081 3013 1189 3074 caesa,
1216 2997 1269 3057 tria

219 3097 314 3159 miliia
329 3103 415 3177 eapte
436 3094 623 3159 referuntur.
661 3094 721 3159 Sed
744 3096 823 3158 bane
845 3107 970 3178 quoque
993 3097 1081 3158 istius
1103 3113 1178 3158 vero
1201 3097 1268 3158 lau-

220 3199 348 3261 dandam
376 3198 552 3280 rictqriam,
582 3216 672 3278 quarn
700 3197 771 3260 vani
794 3199 934 3278 auspices
956 3197 1106 3276 impedire
1128 3215 1190 3258 non
1213 3215 1268 3277 po-

220 3307 356 3384 tnerunt,
380 3299 479 3362 oborti
501 3300 604 3362 subito
625 3317 792 3381 corrupere
814 3298 921 3360 morbi.
955 3297 1030 3359 Nam
1052 3304 1135 3360 tanta
1157 3317 1193 3359 ee
1214 3305 1268 3360 tam

221 3399 423 3460 intolerabilis
444 3400 619 3479 pestilentia
642 3409 715 3464 tune
738 3402 885 3492 corripuit
901 3399 1073 3480 Civitatem,
1095 3406 1129 3460 ut
1150 3406 1270 3480 propter

220 3517 288 3561 eam
312 3515 497 3578 quacunque
519 3500 637 3562 ratione
660 3502 843 3580 sedandam,
874 3501 968 3562 libros
998 3499 1164 3581 Sibyllinos
1194 3517 1268 3562 con-

219 3599 366 3664 sulendos
390 3599 537 3678 putarint,
565 3598 815 3682 horrendumque
843 3601 929 3662 illum
957 3599 1155 3680 Epidaurium
1185 3600 1270 3662 eoin-

180 3740 185 3750 ·
220 3699 309 3764 brum
338 3718 407 3761 oum
436 3700 501 3780 ipso
527 3699 704 3782 Aesculapii
733 3702 833 3782 lapide
860 3701 1058 3782 advexerint:
1089 3702 1271 3782 quasivero

222 3798 309 3882 [199]
336 3800 511 3880 pestilentia
538 3788 591 3862 aut
617 3809 689 3863 ante
716 3801 820 3864 sedata
847 3819 908 3863 non
936 3803 990 3881 sit,
1024 3809 1077 3864 aut
1108 3809 1178 3882 post
1211 3809 1271 3864 orta

221 3907 282 3961 no'n
311 3897 413 3963 tuerit.
456 3901 617 3962 Praeterea
646 3901 743 3963 altero
772 3903 882 3965 abhinc
910 3919 991 3966 anno
1017 3903 1128 3966 Fabius
1156 3901 1270 3984 Gurges

222 3998 330 4060 consul
357 4000 436 4062 male
462 4001 609 4063 adversus
632 3999 782 4066 Samnites
805 4005 958 4086 pugnavit.
1003 4003 1142 4086 Namque
1164 4005 1270 4068 amisso
1303 4065 1304 4068 ,
