<?xml version="1.0" encoding="UTF-8"?>
<!DOCTYPE html PUBLIC "-//W3C//DTD XHTML 1.0 Transitional//EN"
    "http://www.w3.org/TR/xhtml1/DTD/xhtml1-transitional.dtd">
<html xmlns="http://www.w3.org/1999/xhtml" xml:lang="en" lang="en">
 <head>
  <title>
</title>
<meta http-equiv="Content-Type" content="text/html;charset=utf-8" />
  <meta name='ocr-system' content='tesseract 3.04.00' />
  <meta name='ocr-capabilities' content='ocr_page ocr_carea ocr_par ocr_line ocrx_word'/>
</head>
<body>
  <div class='ocr_page' id='page_1' title='image "./pauliorosiipres00havegoog_0071.png"; bbox 0 0 2634 4434; ppageno 0'>
   <div class='ocr_carea' id='block_1_1' title="bbox 692 316 741 386">
    <p class='ocr_par' dir='ltr' id='par_1_1' title="bbox 692 316 741 386">
     <span class='ocr_line' id='line_1_1' title="bbox 692 316 741 386; baseline -0.041 0"><span class='ocrx_word' id='word_1_1' title='bbox 692 316 741 386; x_wconf 81' lang='lat'><strong>64</strong></span> 
     </span>
    </p>
   </div>
   <div class='ocr_carea' id='block_1_2' title="bbox 190 537 1295 636">
    <p class='ocr_par' dir='ltr' id='par_1_2' title="bbox 190 537 1295 636">
     <span class='ocr_line' id='line_1_2' title="bbox 190 537 1295 636; baseline -0.013 -16"><span class='ocrx_word' id='word_1_2' title='bbox 190 559 239 622; x_wconf 82' lang='lat' dir='ltr'><strong>vir</strong></span> <span class='ocrx_word' id='word_1_3' title='bbox 265 565 409 622; x_wconf 85' lang='lat' dir='ltr'><strong>strenuos</strong></span> <span class='ocrx_word' id='word_1_4' title='bbox 443 562 474 616; x_wconf 90' lang='lat' dir='ltr'><strong>et</strong></span> <span class='ocrx_word' id='word_1_5' title='bbox 499 553 625 636; x_wconf 79' lang='lat' dir='ltr'><strong>generis</strong></span> <span class='ocrx_word' id='word_1_6' title='bbox 652 549 813 613; x_wconf 89' lang='lat' dir='ltr'><strong>nobilitate</strong></span> <span class='ocrx_word' id='word_1_7' title='bbox 840 549 921 610; x_wconf 89' lang='lat' dir='ltr'><strong>inter</strong></span> <span class='ocrx_word' id='word_1_8' title='bbox 946 563 1019 611; x_wconf 89' lang='lat' dir='ltr'><strong>suos</strong></span> <span class='ocrx_word' id='word_1_9' title='bbox 1042 545 1157 624; x_wconf 89' lang='lat' dir='ltr'><strong>clarus,</strong></span> <span class='ocrx_word' id='word_1_10' title='bbox 1191 547 1244 626; x_wconf 88' lang='lat' dir='ltr'><strong>qni</strong></span> <span class='ocrx_word' id='word_1_11' title='bbox 1292 537 1295 545; x_wconf 91' lang='grc'>’</span> 
     </span>
    </p>
   </div>
   <div class='ocr_carea' id='block_1_3' title="bbox 190 646 1252 2234">
    <p class='ocr_par' dir='ltr' id='par_1_3' title="bbox 190 646 1252 2234">
     <span class='ocr_line' id='line_1_3' title="bbox 192 646 1242 735; baseline -0.014 -14"><span class='ocrx_word' id='word_1_12' title='bbox 192 665 299 721; x_wconf 81' lang='lat' dir='ltr'>auctor</span> <span class='ocrx_word' id='word_1_13' title='bbox 327 656 460 719; x_wconf 89' lang='lat' dir='ltr'><strong>audendi</strong></span> <span class='ocrx_word' id='word_1_14' title='bbox 488 673 543 735; x_wconf 90' lang='lat' dir='ltr'><strong>pro</strong></span> <span class='ocrx_word' id='word_1_15' title='bbox 571 653 669 734; x_wconf 90' lang='lat' dir='ltr'><strong>patria</strong></span> <span class='ocrx_word' id='word_1_16' title='bbox 697 650 764 711; x_wconf 88' lang='lat' dir='ltr'><strong>luit.</strong></span> <span class='ocrx_word' id='word_1_17' title='bbox 808 647 915 728; x_wconf 87' lang='lat' dir='ltr'><strong>ltaque</strong></span> <span class='ocrx_word' id='word_1_18' title='bbox 943 648 1102 710; x_wconf 89' lang='lat' dir='ltr'><strong>castellum</strong></span> <span class='ocrx_word' id='word_1_19' title='bbox 1129 646 1242 726; x_wconf 81' lang='lat' dir='ltr'>Phylen</span> 
     </span>
     <span class='ocr_line' id='line_1_4' title="bbox 190 747 1244 832; baseline -0.012 -12"><span class='ocrx_word' id='word_1_20' title='bbox 190 758 361 820; x_wconf 88' lang='lat' dir='ltr'><strong>Atticorum</strong></span> <span class='ocrx_word' id='word_1_21' title='bbox 396 756 501 818; x_wconf 89' lang='lat' dir='ltr'><strong>linium</strong></span> <span class='ocrx_word' id='word_1_22' title='bbox 533 753 655 817; x_wconf 76' lang='lat' dir='ltr'>collecti</span> <span class='ocrx_word' id='word_1_23' title='bbox 689 749 813 812; x_wconf 80' lang='lat' dir='ltr'>exsules</span> <span class='ocrx_word' id='word_1_24' title='bbox 845 751 985 832; x_wconf 91' lang='lat' dir='ltr'><strong>capiunt,</strong></span> <span class='ocrx_word' id='word_1_25' title='bbox 1019 747 1244 828; x_wconf 89' lang='lat' dir='ltr'><strong>multarumque</strong></span> 
     </span>
     <span class='ocr_line' id='line_1_5' title="bbox 194 847 1244 936; baseline -0.01 -17"><span class='ocrx_word' id='word_1_26' title='bbox 194 856 284 932; x_wconf 90' lang='lat' dir='ltr'><strong>[l35]</strong></span> <span class='ocrx_word' id='word_1_27' title='bbox 308 857 464 918; x_wconf 90' lang='lat' dir='ltr'><strong>civitatum</strong></span> <span class='ocrx_word' id='word_1_28' title='bbox 481 855 589 936; x_wconf 91' lang='lat' dir='ltr'><strong>opibus</strong></span> <span class='ocrx_word' id='word_1_29' title='bbox 605 853 711 936; x_wconf 89' lang='lat' dir='ltr'><strong>adjuti,</strong></span> <span class='ocrx_word' id='word_1_30' title='bbox 724 852 807 912; x_wconf 91' lang='lat' dir='ltr'><strong>vires</strong></span> <span class='ocrx_word' id='word_1_31' title='bbox 818 850 997 930; x_wconf 87' lang='lat' dir='ltr'><strong>capessunt:</strong></span> <span class='ocrx_word' id='word_1_32' title='bbox 1015 847 1127 928; x_wconf 90' lang='lat' dir='ltr'><strong>quihus</strong></span> <span class='ocrx_word' id='word_1_33' title='bbox 1138 848 1244 928; x_wconf 77' lang='lat' dir='ltr'>Lysias</span> 
     </span>
     <span class='ocr_line' id='line_1_6' title="bbox 193 948 1246 1038; baseline -0.01 -19"><span class='ocrx_word' id='word_1_34' title='bbox 193 975 329 1038; x_wconf 86' lang='lat' dir='ltr'><strong>quoque,</strong></span> <span class='ocrx_word' id='word_1_35' title='bbox 354 955 563 1038; x_wconf 78' lang='lat' dir='ltr'><strong>Syracusanas</strong></span> <span class='ocrx_word' id='word_1_36' title='bbox 585 961 698 1030; x_wconf 87' lang='lat' dir='ltr'><strong>orator,</strong></span> <span class='ocrx_word' id='word_1_37' title='bbox 722 953 809 1033; x_wconf 89' lang='lat' dir='ltr'><strong>quasi</strong></span> <span class='ocrx_word' id='word_1_38' title='bbox 832 951 863 1012; x_wconf 92' lang='lat' dir='ltr'><strong>in</strong></span> <span class='ocrx_word' id='word_1_39' title='bbox 883 949 1031 1011; x_wconf 83' lang='lat' dir='ltr'><strong>auxilium</strong></span> <span class='ocrx_word' id='word_1_40' title='bbox 1047 948 1142 1024; x_wconf 75' lang='lat' dir='ltr'><strong>urbia,</strong></span> <span class='ocrx_word' id='word_1_41' title='bbox 1165 965 1246 1028; x_wconf 91' lang='lat' dir='ltr'><strong>quae</strong></span> 
     </span>
     <span class='ocr_line' id='line_1_7' title="bbox 194 1049 1245 1137; baseline -0.011 -17"><span class='ocrx_word' id='word_1_42' title='bbox 194 1064 276 1120; x_wconf 89' lang='lat' dir='ltr'><strong>esset</strong></span> <span class='ocrx_word' id='word_1_43' title='bbox 297 1057 392 1137; x_wconf 87' lang='lat' dir='ltr'><strong>patria</strong></span> <span class='ocrx_word' id='word_1_44' title='bbox 415 1056 585 1118; x_wconf 88' lang='lat' dir='ltr'><strong>communis</strong></span> <span class='ocrx_word' id='word_1_45' title='bbox 608 1054 816 1134; x_wconf 89' lang='lat' dir='ltr'><strong>eloquentiae,</strong></span> <span class='ocrx_word' id='word_1_46' title='bbox 839 1051 1026 1133; x_wconf 84' lang='lat' dir='ltr'><strong>quingentos</strong></span> <span class='ocrx_word' id='word_1_47' title='bbox 1048 1049 1160 1110; x_wconf 89' lang='lat' dir='ltr'><strong>milites</strong></span> <span class='ocrx_word' id='word_1_48' title='bbox 1176 1065 1245 1109; x_wconf 90' lang='lat' dir='ltr'><strong>oum</strong></span> 
     </span>
     <span class='ocr_line' id='line_1_8' title="bbox 193 1149 1247 1237; baseline -0.011 -17"><span class='ocrx_word' id='word_1_49' title='bbox 193 1149 355 1237; x_wconf 81' lang='lat' dir='ltr'><strong>stipendiis</strong></span> <span class='ocrx_word' id='word_1_50' title='bbox 377 1157 440 1219; x_wconf 92' lang='lat' dir='ltr'><strong>suis</strong></span> <span class='ocrx_word' id='word_1_51' title='bbox 464 1158 553 1220; x_wconf 88' lang='lat' dir='ltr'><strong>misit.</strong></span> <span class='ocrx_word' id='word_1_52' title='bbox 596 1157 695 1218; x_wconf 87' lang='lat' dir='ltr'><strong>Atrox</strong></span> <span class='ocrx_word' id='word_1_53' title='bbox 716 1156 747 1216; x_wconf 94' lang='lat' dir='ltr'><strong>id</strong></span> <span class='ocrx_word' id='word_1_54' title='bbox 770 1152 919 1233; x_wconf 89' lang='lat' dir='ltr'><strong>praelium</strong></span> <span class='ocrx_word' id='word_1_55' title='bbox 941 1151 1015 1227; x_wconf 84' lang='lat' dir='ltr'><strong>luit,</strong></span> <span class='ocrx_word' id='word_1_56' title='bbox 1045 1149 1101 1211; x_wconf 89' lang='lat' dir='ltr'><strong>sed</strong></span> <span class='ocrx_word' id='word_1_57' title='bbox 1121 1149 1170 1211; x_wconf 91' lang='lat' dir='ltr'><strong>his</strong></span> <span class='ocrx_word' id='word_1_58' title='bbox 1192 1164 1247 1228; x_wconf 91' lang='lat' dir='ltr'><strong>pro</strong></span> 
     </span>
     <span class='ocr_line' id='line_1_9' title="bbox 192 1249 1247 1337; baseline -0.009 -19"><span class='ocrx_word' id='word_1_59' title='bbox 192 1259 314 1337; x_wconf 90' lang='lat' dir='ltr'><strong>propria</strong></span> <span class='ocrx_word' id='word_1_60' title='bbox 342 1257 500 1335; x_wconf 89' lang='lat' dir='ltr'><strong>libertate,</strong></span> <span class='ocrx_word' id='word_1_61' title='bbox 528 1257 589 1319; x_wconf 94' lang='lat' dir='ltr'><strong>illis</strong></span> <span class='ocrx_word' id='word_1_62' title='bbox 617 1273 672 1336; x_wconf 90' lang='lat' dir='ltr'><strong>pro</strong></span> <span class='ocrx_word' id='word_1_63' title='bbox 694 1256 794 1317; x_wconf 89' lang='lat' dir='ltr'><strong>aliena</strong></span> <span class='ocrx_word' id='word_1_64' title='bbox 817 1252 1025 1314; x_wconf 77' lang='lat' dir='ltr'><strong>dominatione</strong></span> <span class='ocrx_word' id='word_1_65' title='bbox 1047 1249 1247 1326; x_wconf 88' lang='lat' dir='ltr'><strong>certantibus,</strong></span> 
     </span>
     <span class='ocr_line' id='line_1_10' title="bbox 194 1349 1248 1436; baseline -0.009 -18"><span class='ocrx_word' id='word_1_66' title='bbox 194 1359 365 1419; x_wconf 85' lang='lat' dir='ltr'><strong>animorum</strong></span> <span class='ocrx_word' id='word_1_67' title='bbox 388 1363 481 1436; x_wconf 90' lang='lat' dir='ltr'><strong>atque</strong></span> <span class='ocrx_word' id='word_1_68' title='bbox 504 1369 665 1418; x_wconf 85' lang='lat' dir='ltr'><strong>causarum</strong></span> <span class='ocrx_word' id='word_1_69' title='bbox 692 1357 757 1434; x_wconf 91' lang='lat' dir='ltr'><strong>ipsa</strong></span> <span class='ocrx_word' id='word_1_70' title='bbox 784 1369 909 1433; x_wconf 90' lang='lat' dir='ltr'><strong>quoque</strong></span> <span class='ocrx_word' id='word_1_71' title='bbox 936 1351 1006 1414; x_wconf 89' lang='lat' dir='ltr'><strong>tulit</strong></span> <span class='ocrx_word' id='word_1_72' title='bbox 1032 1367 1135 1432; x_wconf 79' lang='lat' dir='ltr'><strong>pugna</strong></span> <span class='ocrx_word' id='word_1_73' title='bbox 1160 1349 1248 1430; x_wconf 40' lang='lat' dir='ltr'><strong>judi?</strong></span> 
     </span>
     <span class='ocr_line' id='line_1_11' title="bbox 194 1451 1248 1536; baseline -0.009 -18"><span class='ocrx_word' id='word_1_74' title='bbox 194 1457 290 1518; x_wconf 90' lang='lat' dir='ltr'><strong>cium:</strong></span> <span class='ocrx_word' id='word_1_75' title='bbox 315 1475 384 1518; x_wconf 92' lang='lat' dir='ltr'><strong>nam</strong></span> <span class='ocrx_word' id='word_1_76' title='bbox 408 1457 481 1518; x_wconf 82' lang='lat' dir='ltr'><strong>victi</strong></span> <span class='ocrx_word' id='word_1_77' title='bbox 503 1456 624 1536; x_wconf 79' lang='lat' dir='ltr'>tyranni</span> <span class='ocrx_word' id='word_1_78' title='bbox 646 1457 679 1517; x_wconf 92' lang='lat' dir='ltr'><strong>in</strong></span> <span class='ocrx_word' id='word_1_79' title='bbox 701 1455 809 1516; x_wconf 88' lang='lat' dir='ltr'><strong>urbem</strong></span> <span class='ocrx_word' id='word_1_80' title='bbox 836 1451 1036 1534; x_wconf 76' lang='lat' dir='ltr'><strong>refugeram,</strong></span> <span class='ocrx_word' id='word_1_81' title='bbox 1064 1467 1248 1529; x_wconf 89' lang='lat' dir='ltr'><strong>omnesque,</strong></span> 
     </span>
     <span class='ocr_line' id='line_1_12' title="bbox 195 1551 1250 1635; baseline -0.006 -19"><span class='ocrx_word' id='word_1_82' title='bbox 195 1573 273 1634; x_wconf 93' lang='lat' dir='ltr'><strong>quos</strong></span> <span class='ocrx_word' id='word_1_83' title='bbox 295 1575 336 1618; x_wconf 87' lang='lat' dir='ltr'><strong>ex</strong></span> <span class='ocrx_word' id='word_1_84' title='bbox 356 1555 599 1634; x_wconf 79' lang='lat' dir='ltr'><strong>Atheniensibus</strong></span> <span class='ocrx_word' id='word_1_85' title='bbox 620 1556 681 1618; x_wconf 87' lang='lat' dir='ltr'><strong>sihi</strong></span> <span class='ocrx_word' id='word_1_86' title='bbox 706 1557 790 1635; x_wconf 87' lang='lat' dir='ltr'><strong>prius</strong></span> <span class='ocrx_word' id='word_1_87' title='bbox 817 1554 966 1617; x_wconf 79' lang='lat' dir='ltr'><strong>satellites</strong></span> <span class='ocrx_word' id='word_1_88' title='bbox 991 1551 1147 1632; x_wconf 77' lang='lat' dir='ltr'><strong>legerant,</strong></span> <span class='ocrx_word' id='word_1_89' title='bbox 1175 1557 1250 1611; x_wconf 90' lang='lat' dir='ltr'><strong>tunc</strong></span> 
     </span>
     <span class='ocr_line' id='line_1_13' title="bbox 198 1650 1250 1737; baseline -0.006 -20"><span class='ocrx_word' id='word_1_90' title='bbox 198 1663 358 1736; x_wconf 89' lang='lat' dir='ltr'><strong>suspectos</strong></span> <span class='ocrx_word' id='word_1_91' title='bbox 383 1657 566 1737; x_wconf 85' lang='lat' dir='ltr'><strong>proditionis</strong></span> <span class='ocrx_word' id='word_1_92' title='bbox 593 1656 679 1718; x_wconf 87' lang='lat' dir='ltr'><strong>urbis</strong></span> <span class='ocrx_word' id='word_1_93' title='bbox 701 1655 839 1718; x_wconf 89' lang='lat' dir='ltr'><strong>custodia</strong></span> <span class='ocrx_word' id='word_1_94' title='bbox 861 1657 1068 1717; x_wconf 85' lang='lat' dir='ltr'><strong>removerunt</strong></span> <span class='ocrx_word' id='word_1_95' title='bbox 1111 1650 1250 1730; x_wconf 82' lang='lat' dir='ltr'><strong>Thrasy·</strong></span> 
     </span>
     <span class='ocr_line' id='line_1_14' title="bbox 195 1748 1251 1836; baseline -0.008 -19"><span class='ocrx_word' id='word_1_96' title='bbox 195 1755 302 1817; x_wconf 87' lang='lat' dir='ltr'><strong>bulum</strong></span> <span class='ocrx_word' id='word_1_97' title='bbox 326 1774 451 1836; x_wconf 90' lang='lat' dir='ltr'><strong>quoque</strong></span> <span class='ocrx_word' id='word_1_98' title='bbox 473 1757 570 1836; x_wconf 92' lang='lat' dir='ltr'><strong>ipsum</strong></span> <span class='ocrx_word' id='word_1_99' title='bbox 595 1764 714 1818; x_wconf 89' lang='lat' dir='ltr'><strong>tentare</strong></span> <span class='ocrx_word' id='word_1_100' title='bbox 736 1756 932 1833; x_wconf 89' lang='lat' dir='ltr'><strong>corruptione</strong></span> <span class='ocrx_word' id='word_1_101' title='bbox 954 1751 1021 1812; x_wconf 91' lang='lat' dir='ltr'><strong>ausi</strong></span> <span class='ocrx_word' id='word_1_102' title='bbox 1049 1757 1136 1821; x_wconf 88' lang='lat' dir='ltr'><strong>sont:</strong></span> <span class='ocrx_word' id='word_1_103' title='bbox 1168 1748 1251 1830; x_wconf 90' lang='lat' dir='ltr'><strong>quod</strong></span> 
     </span>
     <span class='ocr_line' id='line_1_15' title="bbox 196 1849 1251 1934; baseline -0.004 -20"><span class='ocrx_word' id='word_1_104' title='bbox 196 1855 250 1915; x_wconf 90' lang='lat' dir='ltr'><strong>uhi</strong></span> <span class='ocrx_word' id='word_1_105' title='bbox 272 1855 384 1917; x_wconf 83' lang='lat' dir='ltr'><strong>frustra</strong></span> <span class='ocrx_word' id='word_1_106' title='bbox 406 1863 560 1934; x_wconf 91' lang='lat' dir='ltr'><strong>speratum</strong></span> <span class='ocrx_word' id='word_1_107' title='bbox 583 1862 640 1931; x_wconf 89' lang='lat' dir='ltr'><strong>est,</strong></span> <span class='ocrx_word' id='word_1_108' title='bbox 663 1855 817 1915; x_wconf 88' lang='lat' dir='ltr'><strong>arcessitis</strong></span> <span class='ocrx_word' id='word_1_109' title='bbox 836 1850 1098 1913; x_wconf 88' lang='lat' dir='ltr'><strong>aLaccdaemone</strong></span> <span class='ocrx_word' id='word_1_110' title='bbox 1114 1849 1251 1925; x_wconf 77' lang='lat' dir='ltr'><strong>auxiliis,</strong></span> 
     </span>
     <span class='ocr_line' id='line_1_16' title="bbox 196 1949 1252 2030; baseline -0.005 -16"><span class='ocrx_word' id='word_1_111' title='bbox 196 1971 303 2016; x_wconf 83' lang='lat' dir='ltr'><strong>rursus</strong></span> <span class='ocrx_word' id='word_1_112' title='bbox 324 1955 357 2014; x_wconf 92' lang='lat' dir='ltr'><strong>in</strong></span> <span class='ocrx_word' id='word_1_113' title='bbox 378 1953 494 2015; x_wconf 88' lang='lat' dir='ltr'><strong>hellam</strong></span> <span class='ocrx_word' id='word_1_114' title='bbox 517 1959 621 2030; x_wconf 89' lang='lat' dir='ltr'><strong>ruunt,</strong></span> <span class='ocrx_word' id='word_1_115' title='bbox 645 1953 698 2013; x_wconf 93' lang='lat' dir='ltr'><strong>uhi</strong></span> <span class='ocrx_word' id='word_1_116' title='bbox 721 1953 782 2013; x_wconf 89' lang='lat' dir='ltr'><strong>duo</strong></span> <span class='ocrx_word' id='word_1_117' title='bbox 804 1951 976 2014; x_wconf 89' lang='lat' dir='ltr'><strong>saevissimi</strong></span> <span class='ocrx_word' id='word_1_118' title='bbox 997 1949 1133 2012; x_wconf 90' lang='lat' dir='ltr'><strong>omnium</strong></span> <span class='ocrx_word' id='word_1_119' title='bbox 1156 1949 1252 2030; x_wconf 78' lang='lat' dir='ltr'><strong>longe</strong></span> 
     </span>
     <span class='ocr_line' id='line_1_17' title="bbox 197 2048 1252 2134; baseline -0.006 -20"><span class='ocrx_word' id='word_1_120' title='bbox 197 2060 396 2134; x_wconf 80' lang='lat' dir='ltr'><strong>tyrannorum</strong></span> <span class='ocrx_word' id='word_1_121' title='bbox 431 2053 631 2116; x_wconf 70' lang='lat' dir='ltr'><strong>trucidantur.</strong></span> <span class='ocrx_word' id='word_1_122' title='bbox 689 2052 834 2114; x_wconf 83' lang='lat' dir='ltr'><strong>Caeteros</strong></span> <span class='ocrx_word' id='word_1_123' title='bbox 868 2053 966 2112; x_wconf 88' lang='lat' dir='ltr'><strong>victos</strong></span> <span class='ocrx_word' id='word_1_124' title='bbox 1004 2057 1036 2111; x_wconf 91' lang='lat' dir='ltr'><strong>et</strong></span> <span class='ocrx_word' id='word_1_125' title='bbox 1074 2053 1107 2110; x_wconf 92' lang='lat' dir='ltr'><strong>in</strong></span> <span class='ocrx_word' id='word_1_126' title='bbox 1145 2048 1252 2130; x_wconf 74' lang='lat' dir='ltr'><strong>lugam</strong></span> 
     </span>
     <span class='ocr_line' id='line_1_18' title="bbox 196 2134 1252 2234; baseline -0.005 -20"><span class='ocrx_word' id='word_1_127' title='bbox 196 2169 304 2214; x_wconf 90' lang='lat' dir='ltr'><strong>versos</strong></span> <span class='ocrx_word' id='word_1_128' title='bbox 326 2134 548 2233; x_wconf 82' lang='lat' dir='ltr'><strong>Thrasybulus,</strong></span> <span class='ocrx_word' id='word_1_129' title='bbox 575 2153 630 2234; x_wconf 90' lang='lat' dir='ltr'><strong>uhi</strong></span> <span class='ocrx_word' id='word_1_130' title='bbox 651 2153 702 2215; x_wconf 88' lang='lat' dir='ltr'><strong>vel</strong></span> <span class='ocrx_word' id='word_1_131' title='bbox 724 2152 855 2214; x_wconf 85' lang='lat' dir='ltr'><strong>maxime</strong></span> <span class='ocrx_word' id='word_1_132' title='bbox 874 2150 1080 2213; x_wconf 81' lang='lat' dir='ltr'><strong>Athenienses</strong></span> <span class='ocrx_word' id='word_1_133' title='bbox 1103 2165 1173 2212; x_wconf 87' lang='lat' dir='ltr'><strong>esse</strong></span> <span class='ocrx_word' id='word_1_134' title='bbox 1195 2150 1252 2210; x_wconf 91' lang='lat' dir='ltr'><strong>in-</strong></span> 
     </span>
    </p>
   </div>
   <div class='ocr_carea' id='block_1_4' title="bbox 199 2249 1317 2342">
    <p class='ocr_par' dir='ltr' id='par_1_4' title="bbox 199 2249 1317 2342">
     <span class='ocr_line' id='line_1_19' title="bbox 199 2249 1317 2342; baseline -0.001 -29"><span class='ocrx_word' id='word_1_135' title='bbox 199 2249 289 2328; x_wconf 80' lang='lat'>[136]</span> <span class='ocrx_word' id='word_1_136' title='bbox 319 2252 451 2342; x_wconf 55' lang='lat' dir='ltr'><strong>telligit2</strong></span> <span class='ocrx_word' id='word_1_137' title='bbox 468 2253 601 2316; x_wconf 91' lang='lat' dir='ltr'><strong>clamore</strong></span> <span class='ocrx_word' id='word_1_138' title='bbox 624 2253 839 2335; x_wconf 85' lang='lat' dir='ltr'><strong>consequitur,</strong></span> <span class='ocrx_word' id='word_1_139' title='bbox 862 2252 1001 2313; x_wconf 91' lang='lat' dir='ltr'><strong>oratione</strong></span> <span class='ocrx_word' id='word_1_140' title='bbox 1023 2251 1152 2327; x_wconf 90' lang='lat' dir='ltr'><strong>retinet,</strong></span> <span class='ocrx_word' id='word_1_141' title='bbox 1173 2267 1252 2330; x_wconf 89' lang='lat' dir='ltr'><strong>pre·</strong></span> <span class='ocrx_word' id='word_1_142' title='bbox 1316 2289 1317 2300; x_wconf 28' lang='grc' dir='ltr'><strong>κ</strong></span> 
     </span>
    </p>
   </div>
   <div class='ocr_carea' id='block_1_5' title="bbox 192 2349 1257 4031">
    <p class='ocr_par' dir='ltr' id='par_1_5' title="bbox 192 2349 1257 4031">
     <span class='ocr_line' id='line_1_20' title="bbox 198 2349 1253 2434; baseline 0 -22"><span class='ocrx_word' id='word_1_143' title='bbox 198 2351 286 2414; x_wconf 90' lang='lat' dir='ltr'><strong>cibus</strong></span> <span class='ocrx_word' id='word_1_144' title='bbox 318 2353 409 2434; x_wconf 83' lang='lat' dir='ltr'><strong>ligat,</strong></span> <span class='ocrx_word' id='word_1_145' title='bbox 442 2370 616 2434; x_wconf 83' lang='lat' dir='ltr'><strong>proponens</strong></span> <span class='ocrx_word' id='word_1_146' title='bbox 646 2360 729 2416; x_wconf 85' lang='lat' dir='ltr'><strong>ante</strong></span> <span class='ocrx_word' id='word_1_147' title='bbox 750 2351 856 2416; x_wconf 87' lang='lat' dir='ltr'><strong>oculos</strong></span> <span class='ocrx_word' id='word_1_148' title='bbox 889 2369 1013 2429; x_wconf 86' lang='lat' dir='ltr'><strong>eorum,</strong></span> <span class='ocrx_word' id='word_1_149' title='bbox 1041 2368 1119 2430; x_wconf 93' lang='lat' dir='ltr'><strong>quos</strong></span> <span class='ocrx_word' id='word_1_150' title='bbox 1141 2349 1253 2432; x_wconf 76' lang='lat' dir='ltr'><strong>lugere</strong></span> 
     </span>
     <span class='ocr_line' id='line_1_21' title="bbox 197 2451 1252 2536; baseline -0.001 -24"><span class='ocrx_word' id='word_1_151' title='bbox 197 2451 249 2512; x_wconf 87' lang='lat' dir='ltr'><strong>vel</strong></span> <span class='ocrx_word' id='word_1_152' title='bbox 270 2453 308 2516; x_wconf 89' lang='lat' dir='ltr'><strong>ad</strong></span> <span class='ocrx_word' id='word_1_153' title='bbox 331 2471 409 2534; x_wconf 91' lang='lat' dir='ltr'><strong>quos</strong></span> <span class='ocrx_word' id='word_1_154' title='bbox 431 2453 577 2536; x_wconf 86' lang='lat' dir='ltr'><strong>refugere</strong></span> <span class='ocrx_word' id='word_1_155' title='bbox 599 2454 732 2530; x_wconf 87' lang='lat' dir='ltr'><strong>vellent,</strong></span> <span class='ocrx_word' id='word_1_156' title='bbox 760 2453 835 2531; x_wconf 87' lang='lat' dir='ltr'><strong>sibi,</strong></span> <span class='ocrx_word' id='word_1_157' title='bbox 863 2453 1011 2515; x_wconf 87' lang='lat' dir='ltr'><strong>adversus</strong></span> <span class='ocrx_word' id='word_1_158' title='bbox 1039 2452 1163 2532; x_wconf 84' lang='lat' dir='ltr'><strong>triginta</strong></span> <span class='ocrx_word' id='word_1_159' title='bbox 1190 2452 1252 2512; x_wconf 89' lang='lat' dir='ltr'><strong>do-</strong></span> 
     </span>
     <span class='ocr_line' id='line_1_22' title="bbox 197 2551 1251 2631; baseline 0.001 -21"><span class='ocrx_word' id='word_1_160' title='bbox 197 2551 307 2630; x_wconf 88' lang='lat' dir='ltr'><strong>minos,</strong></span> <span class='ocrx_word' id='word_1_161' title='bbox 330 2571 393 2616; x_wconf 92' lang='lat' dir='ltr'><strong>non</strong></span> <span class='ocrx_word' id='word_1_162' title='bbox 415 2555 562 2616; x_wconf 85' lang='lat' dir='ltr'><strong>adversus</strong></span> <span class='ocrx_word' id='word_1_163' title='bbox 578 2554 665 2617; x_wconf 86' lang='lat' dir='ltr'><strong>cives</strong></span> <span class='ocrx_word' id='word_1_164' title='bbox 680 2555 819 2631; x_wconf 88' lang='lat' dir='ltr'><strong>miseros,</strong></span> <span class='ocrx_word' id='word_1_165' title='bbox 842 2554 956 2615; x_wconf 90' lang='lat' dir='ltr'><strong>bellum</strong></span> <span class='ocrx_word' id='word_1_166' title='bbox 973 2569 1042 2614; x_wconf 88' lang='lat' dir='ltr'><strong>esse</strong></span> <span class='ocrx_word' id='word_1_167' title='bbox 1056 2557 1251 2631; x_wconf 83' lang='lat' dir='ltr'><strong>susceptum3</strong></span> 
     </span>
     <span class='ocr_line' id='line_1_23' title="bbox 199 2651 1253 2733; baseline 0.001 -21"><span class='ocrx_word' id='word_1_168' title='bbox 199 2654 274 2730; x_wconf 92' lang='lat' dir='ltr'><strong>quin</strong></span> <span class='ocrx_word' id='word_1_169' title='bbox 304 2654 405 2731; x_wconf 88' lang='lat' dir='ltr'><strong>potius</strong></span> <span class='ocrx_word' id='word_1_170' title='bbox 432 2668 554 2731; x_wconf 84' lang='lat' dir='ltr'><strong>omnes,</strong></span> <span class='ocrx_word' id='word_1_171' title='bbox 582 2653 634 2733; x_wconf 94' lang='lat' dir='ltr'><strong>qui</strong></span> <span class='ocrx_word' id='word_1_172' title='bbox 664 2670 698 2714; x_wconf 90' lang='lat' dir='ltr'><strong>se</strong></span> <span class='ocrx_word' id='word_1_173' title='bbox 726 2653 922 2714; x_wconf 85' lang='lat' dir='ltr'><strong>meminerint</strong></span> <span class='ocrx_word' id='word_1_174' title='bbox 943 2670 1012 2715; x_wconf 88' lang='lat' dir='ltr'><strong>esse</strong></span> <span class='ocrx_word' id='word_1_175' title='bbox 1034 2651 1253 2728; x_wconf 82' lang='lat' dir='ltr'><strong>Athenienses,</strong></span> 
     </span>
     <span class='ocr_line' id='line_1_24' title="bbox 200 2751 1254 2832; baseline -0.001 -19"><span class='ocrx_word' id='word_1_176' title='bbox 200 2752 290 2832; x_wconf 88' lang='lat' dir='ltr'><strong>sequi</strong></span> <span class='ocrx_word' id='word_1_177' title='bbox 305 2759 448 2832; x_wconf 88' lang='lat' dir='ltr'><strong>oportere</strong></span> <span class='ocrx_word' id='word_1_178' title='bbox 463 2752 700 2822; x_wconf 86' lang='lat' dir='ltr'><strong>Atheniensium</strong></span> <span class='ocrx_word' id='word_1_179' title='bbox 716 2751 865 2814; x_wconf 84' lang='lat' dir='ltr'><strong>libertatis</strong></span> <span class='ocrx_word' id='word_1_180' title='bbox 886 2753 1011 2814; x_wconf 90' lang='lat' dir='ltr'><strong>ultores.</strong></span> <span class='ocrx_word' id='word_1_181' title='bbox 1048 2752 1154 2832; x_wconf 89' lang='lat' dir='ltr'><strong>ltaque</strong></span> <span class='ocrx_word' id='word_1_182' title='bbox 1177 2751 1254 2813; x_wconf 91' lang='lat' dir='ltr'><strong>haec</strong></span> 
     </span>
     <span class='ocr_line' id='line_1_25' title="bbox 199 2850 1252 2932; baseline 0.002 -20"><span class='ocrx_word' id='word_1_183' title='bbox 199 2851 369 2914; x_wconf 84' lang='lat' dir='ltr'><strong>adhortatio</strong></span> <span class='ocrx_word' id='word_1_184' title='bbox 393 2859 508 2915; x_wconf 90' lang='lat' dir='ltr'><strong>tantum</strong></span> <span class='ocrx_word' id='word_1_185' title='bbox 531 2853 610 2932; x_wconf 90' lang='lat' dir='ltr'><strong>apud</strong></span> <span class='ocrx_word' id='word_1_186' title='bbox 634 2869 688 2914; x_wconf 89' lang='lat' dir='ltr'><strong>eos</strong></span> <span class='ocrx_word' id='word_1_187' title='bbox 710 2850 817 2929; x_wconf 88' lang='lat' dir='ltr'><strong>valuit,</strong></span> <span class='ocrx_word' id='word_1_188' title='bbox 839 2859 874 2914; x_wconf 88' lang='lat' dir='ltr'><strong>ut</strong></span> <span class='ocrx_word' id='word_1_189' title='bbox 896 2869 967 2913; x_wconf 86' lang='lat' dir='ltr'><strong>mox</strong></span> <span class='ocrx_word' id='word_1_190' title='bbox 987 2853 1106 2914; x_wconf 86' lang='lat' dir='ltr'><strong>reversi</strong></span> <span class='ocrx_word' id='word_1_191' title='bbox 1121 2854 1153 2913; x_wconf 93' lang='lat' dir='ltr'><strong>in</strong></span> <span class='ocrx_word' id='word_1_192' title='bbox 1168 2852 1252 2914; x_wconf 89' lang='lat' dir='ltr'><strong>civi-</strong></span> 
     </span>
     <span class='ocr_line' id='line_1_26' title="bbox 201 2944 1255 3034; baseline 0 -20"><span class='ocrx_word' id='word_1_193' title='bbox 201 2958 294 3014; x_wconf 86' lang='lat' dir='ltr'><strong>tatem</strong></span> <span class='ocrx_word' id='word_1_194' title='bbox 323 2959 468 3032; x_wconf 84' lang='lat' dir='ltr'><strong>tyrannos</strong></span> <span class='ocrx_word' id='word_1_195' title='bbox 498 2969 569 3013; x_wconf 90' lang='lat' dir='ltr'><strong>arce</strong></span> <span class='ocrx_word' id='word_1_196' title='bbox 603 2951 755 3013; x_wconf 90' lang='lat' dir='ltr'><strong>decedere</strong></span> <span class='ocrx_word' id='word_1_197' title='bbox 788 2961 881 3032; x_wconf 91' lang='lat' dir='ltr'><strong>atque</strong></span> <span class='ocrx_word' id='word_1_198' title='bbox 913 2944 1089 3015; x_wconf 86' lang='lat' dir='ltr'><strong>Eleusinem</strong></span> <span class='ocrx_word' id='word_1_199' title='bbox 1123 2953 1255 3034; x_wconf 80' lang='lat' dir='ltr'><strong>migrare</strong></span> 
     </span>
     <span class='ocr_line' id='line_1_27' title="bbox 201 3051 1255 3131; baseline 0.004 -21"><span class='ocrx_word' id='word_1_200' title='bbox 201 3051 420 3129; x_wconf 87' lang='lat' dir='ltr'><strong>compulerint:</strong></span> <span class='ocrx_word' id='word_1_201' title='bbox 446 3051 510 3131; x_wconf 92' lang='lat' dir='ltr'><strong>qui,</strong></span> <span class='ocrx_word' id='word_1_202' title='bbox 532 3057 691 3130; x_wconf 87' lang='lat' dir='ltr'><strong>postquam</strong></span> <span class='ocrx_word' id='word_1_203' title='bbox 715 3053 746 3114; x_wconf 89' lang='lat' dir='ltr'><strong>io</strong></span> <span class='ocrx_word' id='word_1_204' title='bbox 769 3055 947 3114; x_wconf 90' lang='lat' dir='ltr'><strong>societatem</strong></span> <span class='ocrx_word' id='word_1_205' title='bbox 970 3053 1056 3115; x_wconf 90' lang='lat' dir='ltr'><strong>urbis</strong></span> <span class='ocrx_word' id='word_1_206' title='bbox 1071 3054 1156 3114; x_wconf 89' lang='lat' dir='ltr'><strong>cives</strong></span> <span class='ocrx_word' id='word_1_207' title='bbox 1170 3070 1255 3128; x_wconf 88' lang='lat' dir='ltr'><strong>suos,</strong></span> 
     </span>
     <span class='ocr_line' id='line_1_28' title="bbox 199 3151 1254 3234; baseline 0.004 -24"><span class='ocrx_word' id='word_1_208' title='bbox 199 3157 329 3224; x_wconf 89' lang='lat' dir='ltr'><strong>eatenus</strong></span> <span class='ocrx_word' id='word_1_209' title='bbox 359 3151 498 3227; x_wconf 86' lang='lat' dir='ltr'><strong>exsules,</strong></span> <span class='ocrx_word' id='word_1_210' title='bbox 525 3161 725 3231; x_wconf 84' lang='lat' dir='ltr'><strong>receperunt,</strong></span> <span class='ocrx_word' id='word_1_211' title='bbox 754 3161 898 3234; x_wconf 82' lang='lat' dir='ltr'><strong>tyrannos</strong></span> <span class='ocrx_word' id='word_1_212' title='bbox 921 3155 952 3215; x_wconf 92' lang='lat' dir='ltr'><strong>in</strong></span> <span class='ocrx_word' id='word_1_213' title='bbox 976 3153 1090 3214; x_wconf 89' lang='lat' dir='ltr'><strong>bellum</strong></span> <span class='ocrx_word' id='word_1_214' title='bbox 1111 3153 1254 3214; x_wconf 88' lang='lat' dir='ltr'><strong>aemula-</strong></span> 
     </span>
     <span class='ocr_line' id='line_1_29' title="bbox 201 3250 1254 3334; baseline 0.003 -23"><span class='ocrx_word' id='word_1_215' title='bbox 201 3250 286 3312; x_wconf 89' lang='lat' dir='ltr'><strong>tione</strong></span> <span class='ocrx_word' id='word_1_216' title='bbox 301 3253 461 3329; x_wconf 89' lang='lat' dir='ltr'><strong>suscitant‚</strong></span> <span class='ocrx_word' id='word_1_217' title='bbox 485 3250 596 3329; x_wconf 92' lang='lat' dir='ltr'><strong>quibus</strong></span> <span class='ocrx_word' id='word_1_218' title='bbox 618 3251 743 3316; x_wconf 90' lang='lat' dir='ltr'><strong>libertas</strong></span> <span class='ocrx_word' id='word_1_219' title='bbox 765 3253 893 3314; x_wconf 87' lang='lat' dir='ltr'><strong>aliorum</strong></span> <span class='ocrx_word' id='word_1_220' title='bbox 917 3255 1004 3334; x_wconf 90' lang='lat' dir='ltr'><strong>quasi</strong></span> <span class='ocrx_word' id='word_1_221' title='bbox 1028 3255 1162 3332; x_wconf 87' lang='lat' dir='ltr'><strong>ipsorum</strong></span> <span class='ocrx_word' id='word_1_222' title='bbox 1180 3272 1254 3316; x_wconf 91' lang='lat' dir='ltr'><strong>ser-</strong></span> 
     </span>
     <span class='ocr_line' id='line_1_30' title="bbox 201 3351 1257 3434; baseline 0.003 -22"><span class='ocrx_word' id='word_1_223' title='bbox 201 3352 283 3412; x_wconf 91' lang='lat' dir='ltr'><strong>vitus</strong></span> <span class='ocrx_word' id='word_1_224' title='bbox 305 3351 475 3414; x_wconf 85' lang='lat' dir='ltr'><strong>videbatur.</strong></span> <span class='ocrx_word' id='word_1_225' title='bbox 519 3352 604 3414; x_wconf 86' lang='lat' dir='ltr'><strong>Tunc</strong></span> <span class='ocrx_word' id='word_1_226' title='bbox 626 3354 740 3416; x_wconf 90' lang='lat' dir='ltr'><strong>indicta</strong></span> <span class='ocrx_word' id='word_1_227' title='bbox 762 3371 879 3434; x_wconf 81' lang='lat' dir='ltr'><strong>pugna,</strong></span> <span class='ocrx_word' id='word_1_228' title='bbox 908 3373 978 3416; x_wconf 92' lang='lat' dir='ltr'><strong>cum</strong></span> <span class='ocrx_word' id='word_1_229' title='bbox 1000 3355 1086 3434; x_wconf 89' lang='lat' dir='ltr'><strong>prius</strong></span> <span class='ocrx_word' id='word_1_230' title='bbox 1108 3355 1196 3432; x_wconf 91' lang='lat' dir='ltr'><strong>quasi</strong></span> <span class='ocrx_word' id='word_1_231' title='bbox 1218 3354 1257 3416; x_wconf 90' lang='lat' dir='ltr'><strong>ad</strong></span> 
     </span>
     <span class='ocr_line' id='line_1_31' title="bbox 203 3449 1257 3534; baseline 0.005 -23"><span class='ocrx_word' id='word_1_232' title='bbox 203 3449 390 3530; x_wconf 89' lang='lat' dir='ltr'><strong>colloquium</strong></span> <span class='ocrx_word' id='word_1_233' title='bbox 414 3454 630 3528; x_wconf 84' lang='lat' dir='ltr'><strong>convenirent,</strong></span> <span class='ocrx_word' id='word_1_234' title='bbox 654 3453 857 3514; x_wconf 87' lang='lat' dir='ltr'><strong>circumventi</strong></span> <span class='ocrx_word' id='word_1_235' title='bbox 885 3455 1020 3530; x_wconf 89' lang='lat' dir='ltr'><strong>insidiis,</strong></span> <span class='ocrx_word' id='word_1_236' title='bbox 1049 3453 1146 3515; x_wconf 88' lang='lat' dir='ltr'><strong>veluti</strong></span> <span class='ocrx_word' id='word_1_237' title='bbox 1173 3456 1257 3534; x_wconf 92' lang='lat' dir='ltr'><strong>pacis</strong></span> 
     </span>
     <span class='ocr_line' id='line_1_32' title="bbox 202 3551 1256 3633; baseline 0.004 -23"><span class='ocrx_word' id='word_1_238' title='bbox 202 3551 356 3629; x_wconf 82' lang='lat' dir='ltr'><strong>victimae,</strong></span> <span class='ocrx_word' id='word_1_239' title='bbox 380 3555 584 3616; x_wconf 89' lang='lat' dir='ltr'><strong>trucidantur:</strong></span> <span class='ocrx_word' id='word_1_240' title='bbox 613 3553 655 3611; x_wconf 89' lang='lat' dir='ltr'><strong>ita</strong></span> <span class='ocrx_word' id='word_1_241' title='bbox 676 3554 815 3614; x_wconf 89' lang='lat' dir='ltr'><strong>revocati</strong></span> <span class='ocrx_word' id='word_1_242' title='bbox 837 3555 868 3615; x_wconf 94' lang='lat' dir='ltr'><strong>in</strong></span> <span class='ocrx_word' id='word_1_243' title='bbox 890 3572 997 3633; x_wconf 88' lang='lat' dir='ltr'><strong>unum,</strong></span> <span class='ocrx_word' id='word_1_244' title='bbox 1020 3560 1087 3632; x_wconf 92' lang='lat' dir='ltr'><strong>post</strong></span> <span class='ocrx_word' id='word_1_245' title='bbox 1110 3554 1256 3633; x_wconf 86' lang='lat' dir='ltr'><strong>inexple-</strong></span> 
     </span>
     <span class='ocr_line' id='line_1_33' title="bbox 201 3648 1256 3734; baseline 0.004 -24"><span class='ocrx_word' id='word_1_246' title='bbox 201 3648 281 3712; x_wconf 90' lang='lat' dir='ltr'><strong>hiles</strong></span> <span class='ocrx_word' id='word_1_247' title='bbox 304 3669 481 3732; x_wconf 85' lang='lat' dir='ltr'><strong>magnorum</strong></span> <span class='ocrx_word' id='word_1_248' title='bbox 509 3652 658 3730; x_wconf 78' lang='lat' dir='ltr'><strong>lacrymas</strong></span> <span class='ocrx_word' id='word_1_249' title='bbox 686 3651 885 3730; x_wconf 82' lang='lat' dir='ltr'><strong>gaudiorum,</strong></span> <span class='ocrx_word' id='word_1_250' title='bbox 913 3653 989 3715; x_wconf 90' lang='lat' dir='ltr'><strong>haee</strong></span> <span class='ocrx_word' id='word_1_251' title='bbox 1017 3655 1115 3734; x_wconf 86' lang='lat' dir='ltr'><strong>prima</strong></span> <span class='ocrx_word' id='word_1_252' title='bbox 1140 3652 1256 3714; x_wconf 88' lang='lat' dir='ltr'><strong>lunda-</strong></span> 
     </span>
     <span class='ocr_line' id='line_1_34' title="bbox 200 3748 1257 3834; baseline 0.005 -26"><span class='ocrx_word' id='word_1_253' title='bbox 200 3749 282 3812; x_wconf 88' lang='lat' dir='ltr'><strong>mina</strong></span> <span class='ocrx_word' id='word_1_254' title='bbox 303 3759 502 3831; x_wconf 86' lang='lat' dir='ltr'><strong>recuperatae</strong></span> <span class='ocrx_word' id='word_1_255' title='bbox 518 3748 668 3810; x_wconf 82' lang='lat' dir='ltr'><strong>libertatis</strong></span> <span class='ocrx_word' id='word_1_256' title='bbox 685 3749 866 3829; x_wconf 89' lang='lat' dir='ltr'><strong>instaurant,</strong></span> <span class='ocrx_word' id='word_1_257' title='bbox 889 3755 1043 3834; x_wconf 88' lang='lat' dir='ltr'><strong>proposita</strong></span> <span class='ocrx_word' id='word_1_258' title='bbox 1053 3753 1257 3834; x_wconf 84' lang='lat' dir='ltr'><strong>jurisjurandi</strong></span> 
     </span>
     <span class='ocr_line' id='line_1_35' title="bbox 198 3847 1256 3934; baseline 0.001 -24"><span class='ocrx_word' id='word_1_259' title='bbox 198 3852 437 3924; x_wconf 84' lang='lat' dir='ltr'><strong>contestatione,</strong></span> <span class='ocrx_word' id='word_1_260' title='bbox 471 3849 516 3908; x_wconf 89' lang='lat' dir='ltr'><strong>uti</strong></span> <span class='ocrx_word' id='word_1_261' title='bbox 546 3847 717 3911; x_wconf 88' lang='lat' dir='ltr'><strong>discordiae</strong></span> <span class='ocrx_word' id='word_1_262' title='bbox 751 3852 1022 3934; x_wconf 88' lang='lat' dir='ltr'><strong>animositatesque</strong></span> <span class='ocrx_word' id='word_1_263' title='bbox 1058 3853 1256 3933; x_wconf 82' lang='lat' dir='ltr'><strong>praeteritae,</strong></span> 
     </span>
     <span class='ocr_line' id='line_1_36' title="bbox 192 3949 1256 4031; baseline 0.002 -21"><span class='ocrx_word' id='word_1_264' title='bbox 192 3949 231 4010; x_wconf 81' lang='lat' dir='ltr'><strong>in</strong></span> <span class='ocrx_word' id='word_1_265' title='bbox 254 3949 441 4010; x_wconf 89' lang='lat' dir='ltr'><strong>oblivionem</strong></span> <span class='ocrx_word' id='word_1_266' title='bbox 464 3953 642 4026; x_wconf 85' lang='lat' dir='ltr'><strong>perpetuam</strong></span> <span class='ocrx_word' id='word_1_267' title='bbox 665 3955 758 4031; x_wconf 89' lang='lat' dir='ltr'><strong>atquc</strong></span> <span class='ocrx_word' id='word_1_268' title='bbox 780 3952 951 4016; x_wconf 87' lang='lat' dir='ltr'><strong>immortale</strong></span> <span class='ocrx_word' id='word_1_269' title='bbox 972 3953 1130 4016; x_wconf 88' lang='lat' dir='ltr'><strong>silentium</strong></span> <span class='ocrx_word' id='word_1_270' title='bbox 1154 3952 1256 4016; x_wconf 87' lang='lat' dir='ltr'><strong>dedn-</strong></span> 
     </span>
    </p>
   </div>
   <div class='ocr_carea' id='block_1_6' title="bbox 0 0 1335 4434">
    <p class='ocr_par' dir='ltr' id='par_1_6' title="bbox 0 0 1335 4434">
     <span class='ocr_line' id='line_1_37' title="bbox 0 0 1335 4434; baseline 0 0"><span class='ocrx_word' id='word_1_271' title='bbox 0 0 1335 4434; x_wconf 95' lang='lat' dir='ltr'><strong> </strong></span> 
     </span>
    </p>
   </div>
  </div>
 </body>
</html>
