2634 4434
479 315 686 428 jos*

59 551 311 634 Polyperchonte,
336 571 406 616 cum
424 552 468 616 ab
489 554 583 636 Epiro
604 556 637 618 in
660 551 880 631 Macedoniam,
903 561 1110 634 prosequente

58 653 192 716 Aeacida
213 672 289 734 rege
310 653 529 734 Molossorum,
555 657 680 735 renuet
707 660 739 720 et
763 653 802 716 ab
825 652 977 734 Eurydice
998 654 1110 720 tinibus

54 753 282 833 prohiberetur,
304 755 512 820 adnitentibus
534 753 754 820 Macedonibus
776 752 980 818 Arrhidaeum
1002 772 1109 836 regere

58 860 89 914 et
115 853 291 936 Eurydicen
318 858 413 936 jussit
444 857 561 920 incidi:
596 874 772 937 quenquam
802 862 833 918 et
862 857 927 936 ipsa
957 853 1112 936 Olympias

58 956 204 1018 continuo
225 959 350 1020 meritas
375 939 568 1023 crudelitatis
592 975 712 1037 poenas
738 957 804 1020 tuit.
847 955 922 1020 llam
945 973 1015 1018 cum
1037 972 1111 1017 ruu-

55 1054 148 1118 liebri
169 1057 297 1121 audacia
316 1057 429 1122 multas
451 1058 622 1138 principum
645 1058 758 1122 caedes
780 1064 901 1140 ageret,
924 1057 1028 1120 audite
1050 1055 1111 1118 ad-

56 1163 153 1221 uentu
176 1156 342 1224 Cassandri
374 1156 473 1222 diitisa
499 1157 735 1236 Macedonibus,
763 1176 835 1222 eura
862 1157 1009 1222 ahmane
1031 1173 1113 1218 nuru

55 1272 110 1321 sua
134 1264 167 1319 et
189 1265 305 1339 nepote
331 1257 483 1337 Heredis,
513 1261 545 1321 in
571 1259 681 1324 mbem
709 1259 841 1340 Pydnam
870 1257 1028 1324 coneedit:
1059 1255 1113 1318 ubi

52 1358 205 1422 continuo
237 1377 293 1438 per
318 1359 523 1426 Cassandrum
549 1368 640 1442 capta
668 1368 700 1423 et
723 1358 895 1426 interiecta
927 1365 985 1420 est
1023 1353 1111 1437 [ebo]

53 1456 152 1520 Pilius
166 1458 334 1534 Alexandri
349 1460 452 1542 Mapni
465 1479 538 1526 eum
553 1469 652 1530 eatae
667 1463 699 1526 in
711 1461 823 1528 Arcem
836 1458 1112 1544 Amphipolitanam

6 1559 12 1568 ’
51 1558 281 1622 custodiendus
301 1566 348 1622 est
368 1562 487 1625 missus.
523 1563 679 1640 Perdicca,
702 1563 808 1627 Alceta
821 1568 856 1626 et
869 1559 1113 1641 Polyperchonte

51 1659 255 1738 eaeterisque
270 1658 416 1736 ducibm,
436 1677 514 1739 quos
528 1678 769 1726 commemorare
783 1662 909 1742 tongum
925 1667 987 1735 ast,
1002 1659 1112 1720 diver-

53 1777 109 1822 sae
134 1758 229 1838 partis
256 1759 384 1834 occisa,
414 1758 500 1824 linita
521 1760 602 1824 belle
623 1763 707 1826 inter
726 1776 924 1828 successores
946 1757 1115 1820 Alexandri

56 1858 251 1923 videbantur.
294 1858 371 1920 Pam
393 1857 580 1940 Antigonus,
601 1860 714 1924 ardens
734 1861 904 1941 eupiditate
926 1856 1113 1933 derninandi,

56 1958 251 2023 liberandum
287 1957 371 2024 bello
407 1958 570 2024 llereutem
605 1955 693 2042 'regis
736 1959 831 2022 titium
873 1959 911 2024 ab
953 1957 1113 2022 obsidione

55 2059 189 2124 simulat.
233 2059 287 2123 llis
306 2062 441 2142 coguitis
463 2061 655 2126 Ptolemaeus
678 2069 710 2124 ct
732 2061 916 2138 Cassander,
946 2061 1021 2122 irrita
1043 2076 1113 2140 eum

56 2159 239 2241 lysimacho
255 2167 287 2222 et
302 2160 433 2226 Selemo
446 2163 613 2239 sosimus,
635 2161 750 2226 bellum
770 2170 851 2225 terra
866 2163 1005 2240 marique
1019 2161 1113 2222 enixe

56 2261 223 2326 instruunt.
263 2261 439 2343 Antigonus
457 2265 493 2326 in
512 2279 554 2328 eo
575 2262 658 2327 belle
682 2282 751 2328 eum
774 2262 837 2324 tilio
859 2261 1016 2326 Demetrio
1038 2261 1113 2322 vin-

58 2364 149 2426 citur.
194 2361 364 2424 Cassander
392 2364 566 2426 Ptolemaeo
593 2367 625 2426 ia
658 2365 787 2426 uictoria
820 2364 971 2442 particeps
1004 2359 1114 2438 laetus,

57 2481 131 2528 oum
153 2462 346 2542 Apolloniam
370 2464 496 2542 rediret,
519 2465 627 2526 incidit
647 2464 681 2524 iu
703 2463 892 2524 Autariatae:
916 2464 970 2540 qui
991 2468 1116 2540 propter

58 2555 272 2628 intolerandae
287 2564 492 2630 multitudiuis
506 2582 596 2626 ranas
611 2571 643 2625 et
663 2579 777 2640 mures,
798 2561 907 2624 relicte
928 2560 1027 2640 patrio
1049 2560 1115 2622 solo

61 2672 93 2728 et
113 2665 251 2745 antiquis
271 2664 469 2743 habitaculis,
493 2666 694 2747 emigrantes,
718 2679 814 2727 ueras
840 2662 931 2726 sedes
958 2667 1115 2742 praetenta

58 2766 186 2830 interim
213 2783 289 2846 paee
314 2765 523 2846 requirebant.
568 2767 628 2832 Sed
655 2765 828 2830 Cassander
856 2765 1057 2826 et-virtutem
1085 2767 1117 2823 et

62 2866 289 2931 multitudinem
311 2869 414 2948 gentis
434 2884 616 2948 agnoscens,
639 2884 679 2930 ne
693 2866 793 2930 adacti
808 2865 992 2927 necessitate
1008 2861 1115 2924 Maee-

60 2967 186 3032 daniam
200 2967 284 3032 bello
300 2974 463 3048 quaterent
477 2975 570 3047 atque
585 2969 783 3043 invaderent,
804 2972 946 3046 receptes
962 2965 993 3026 iu
1008 2962 1115 3026 socie-

61 3074 175 3144 tatem,
208 3069 239 3132 in
268 3067 383 3131 ultimis
409 3067 607 3131 Macedrmiae
634 3067 746 3130 tinibus
768 3067 906 3130 collocat.
950 3065 1025 3128 lude
1046 3082 1116 3126 euru

63 3168 123 3246 jara
139 3168 288 3234 Hercules
303 3168 472 3232 Alexandri
493 3167 575 3230 iilius
594 3167 843 3248 quartuordecim
860 3173 942 3228 esset
956 3181 1117 3238 annorum,

65 3270 177 3334 timens
205 3289 245 3333 ue
271 3288 343 3334 eum
369 3268 556 3333 Macedones
582 3269 671 3348 quasi
699 3240 867 3347 legitimffln
896 3281 1002 3345 regem
1032 3259 1118 3345 [abt]

64 3377 291 3452 praeoptarent,
312 3371 515 3435 occidendum
537 3372 630 3432 tacite
650 3386 720 3431 eum
738 3373 833 3439 matre
848 3366 974 3430 curavit.
1011 3365 1118 3428 Ptole-

66 3487 173 3534 maeus
188 3473 298 3535 iterum
314 3491 384 3535 cum
399 3473 556 3535 Demetrio
574 3470 678 3535 munli
697 3468 815 3550 praelio
837 3466 975 3532 coallixit
995 3474 1028 3530 et
1050 3485 1118 3530 cum

67 3590 189 3635 omnem
211 3591 309 3652 paene
332 3573 460 3636 classem
483 3579 577 3653 atque
598 3573 769 3635 exercitum
793 3569 990 3650 perdidisset,
1019 3569 1120 3630 vietus

67 3673 99 3734 in
122 3674 296 3754 Aegyptum
319 3672 442 3754 refugit.
479 3673 542 3735 Mac
557 3673 685 3735 victoria
702 3671 998 3751 elatusnnugoaus,
1014 3685 1119 3746 regem

67 3791 101 3837 se
131 3792 201 3836 cum
231 3774 389 3836 Demetrio
422 3774 485 3837 lilio
517 3773 665 3854 adpellari
693 3773 796 3852 jubet:
832 3770 914 3850 quod
946 3767 1119 3846 exemplum

67 3891 175 3938 omncs
197 3877 308 3952 seeuu,
330 3876 449 3956 regium
472 3893 584 3939 nomen
603 3875 664 3936 sibi
679 3875 922 3958 dignitatemque
935 3875 1121 3930 sumserunt.

67 3975 166 4058 igitur
187 3975 380 4042 Ptolemaeus
402 3984 435 4042 et
457 3975 627 4040 Cassander
648 3975 809 4052 ceterique
831 3968 957 4032 alterius
980 3967 1122 4031 lectionis
