2634 4434
707 293 756 363 78

110 579 119 600 .
205 534 267 599 deli
288 540 390 596 terrae
412 530 598 611 inopinatam
620 530 809 605 satietatemy
837 529 888 590 cni
915 545 1021 607 parum
1049 534 1146 606 aaut,
1173 529 1252 608 quoa

204 654 244 699 ex
265 640 347 696 muta
368 631 544 711 pestilentia
566 636 702 706 mortuos
729 647 784 708 per
811 626 952 706 sepulcra
979 629 1166 708 susciperet,
1197 628 1253 692 nisi

203 735 293 799 etiam
315 735 403 796 vivos
425 733 521 795 scissa
543 727 691 792 sorberet.
1170 746 1172 754 a

443 1068 449 1077 ‚
566 1015 765 1155 ltaput
818 1012 891 1122 ll.

222 1253 400 1325 Gallorum
427 1253 597 1337 ingentem
623 1253 874 1319 multitudinem
897 1250 1046 1318 Romani
1072 1255 1232 1322 sternunt

222 1379 264 1426 ac
280 1354 423 1444 liupuni,
448 1351 558 1421 Tusci
579 1357 803 1438 superentur,
826 1351 918 1420 Gelli
938 1355 1037 1420 tertio
1059 1357 1232 1424 inuentos

607 1455 836 1520 trucidantur.

283 1645 374 1706 Anno
397 1642 435 1705 ab
457 1642 534 1703 urbe
555 1641 679 1704 condita
699 1641 955 1706 cccixxxvtn.
978 1644 1089 1705 iterum
1105 1643 1249 1706 terribilis

198 1745 353 1809 Gallorum
385 1741 545 1805 inundatio
569 1742 656 1821 juxta
685 1741 836 1804 Anienem
865 1743 1009 1819 fluvium,
1042 1741 1080 1802 ad
1109 1747 1249 1822 quartum

198 1847 236 1910 ab
252 1847 333 1908 Urbe
347 1843 478 1924 lapidem
500 1840 650 1917 consedit,
674 1839 765 1904 facile
787 1843 854 1904 sina
877 1840 981 1919 dubio,
1003 1841 1141 1921 pondere
1165 1844 1247 1905 mul-

197 1946 337 2008 titudinis
359 1951 390 2004 et
411 1942 567 2003 alacritate
589 1941 722 2018 virtutis,
746 1942 949 2020 perturbatam
966 1949 1151 2021 occupatura
1166 1944 1247 2005 civi-

124 2077 130 2088 =
196 2054 306 2124 utam,
329 2043 388 2105 nisi
408 2043 473 2104 otio
494 2047 526 2102 et
547 2040 732 2103 lentitudine
754 2042 933 2122 torpuisset:
954 2042 1008 2103 ubi
1030 2043 1247 2108 atrocissimam

169 2163 173 2168 ·
194 2163 328 2229 pugnam
343 2140 474 2203 Manlius
489 2142 660 2220 Torquatus
675 2141 873 2224 singulariter
892 2142 1061 2219 inchoavit,
1088 2142 1120 2202 Τ.
1143 2143 1246 2216 Quiu-

198 2243 284 2327 [160]
321 2243 401 2304 clius
433 2242 571 2304 Dictator
603 2243 815 2306 cruentissima
848 2243 1068 2324 congressione
1104 2243 1245 2306 coniecit.

194 2345 302 2425 Fugati
331 2360 372 2404 ex
403 2341 463 2404 hoc
494 2343 611 2422 praelio
644 2343 767 2424 plurimi
800 2343 893 2420 Galli,
928 2343 1102 2406 instauratis
1135 2345 1244 2405 iterum

193 2444 290 2524 copiis
313 2443 345 2504 in
367 2442 483 2504 bellum
504 2449 647 2520 menica,
677 2461 693 2506 a
717 2442 749 2504 0.
774 2443 910 2524 Sulpicio
932 2443 1088 2505 Dictatore
1110 2446 1244 2524 superati

192 2550 272 2606 sunt.
316 2543 386 2604 Post
406 2543 563 2626 paululum
587 2560 712 2624 quoque
727 2544 894 2606 Tuscorum
916 2561 1018 2625 pugna
1040 2543 1097 2606 sub
1114 2544 1145 2606 C.
1160 2543 1244 2606 Mar-

193 2644 242 2704 cio
264 2648 430 2703 consecuta
452 2648 514 2702 est:
544 2641 598 2702 ubi
626 2643 739 2729 conjici
772 2642 876 2720 datur,
910 2649 1056 2723 quantum
1089 2643 1245 2705 hominum

40 2791 47 2801 .
143 2784 158 2818 o
192 2759 316 2806 caesum
338 2742 388 2818 sit,
411 2740 534 2821 quando
556 2747 626 2812 octo
649 2741 744 2808 millia
765 2749 838 2810 sunt
859 2749 944 2824 capta
966 2743 1142 2808 Tuscorum.

276 2960 380 3023 Tertio
402 2966 504 3022 autem
526 2961 559 3022 in
588 2959 698 3023 iisdem
727 2961 836 3024 diebus
866 2960 943 3024 (tatu
971 2977 1008 3024 se
1037 2963 1069 3024 in
1101 2963 1247 3042 praedam

190 3077 247 3141 per
268 3060 417 3123 maritima
439 3061 518 3139 loca,
539 3061 758 3144 subjectosque
780 3080 913 3144 campos,
938 3061 980 3124 ab
998 3061 1128 3126 Albanis
1150 3081 1246 3126 mon-

191 3160 273 3222 tibus
306 3159 511 3224 diffuderunt:
546 3162 708 3224 adversum
743 3181 819 3246 quos
849 3179 931 3224 novo
960 3163 1090 3224 militum
1120 3163 1247 3227 delectu

189 3259 310 3338 habito,
337 3264 582 3344 conscriptisque
609 3262 785 3344 legionibus
814 3263 938 3339 decem,
967 3265 1127 3344 sexaginta
1149 3264 1247 3326 millia

188 3359 406 3438 Romanorum,
434 3366 554 3444 negatis
575 3363 635 3425 sibi
656 3362 833 3426 Latinorum
851 3362 994 3442 auxiliis,
1017 3371 1246 3444 processerunt.

190 3457 331 3521 Coniecit
349 3460 428 3523 hanc
446 3448 581 3544 'pugnam
609 3463 648 3525 M.
678 3461 817 3526 Valerius
846 3464 1014 3527 auxiliante
1042 3481 1137 3526 corvo
1159 3463 1247 3541 alite,

187 3559 271 3620 unde
293 3567 398 3640 postea
414 3560 564 3626 Corvinus
586 3571 634 3626 est
656 3562 765 3628 dietus.
802 3561 913 3626 Occiso
935 3566 1018 3626 eninr
1040 3571 1248 3646 provocatore

187 3657 274 3725 liutto
302 3660 406 3726 hostes
436 3664 535 3726 territi
566 3662 757 3742 sparsimque
790 3663 945 3746 fugientes
975 3667 1111 3748 graviter
1138 3667 1248 3728 truci-

187 3759 248 3822 cati
270 3767 349 3824 sunt.
