2634 4434
539 337 610 406 llo

470 437 677 448 ...—----

53 571 332 653 cardagtcienses,
359 573 501 652 quamvis
529 571 665 638 nondum
687 569 790 637 hostes
813 569 993 652 adjudicati,
1015 573 1098 641 uinci

52 679 149 739 tannen
171 691 188 735 a
209 671 354 741 nonanis
375 690 410 737 sc
432 689 522 752 posse
544 677 716 738 senserunt.
739 671 903 752 ‘Sequenti
925 689 1006 738 anno
1029 692 1097 738 rnu-
1140 756 1147 764 ‘

49 790 137 853 gnam
166 774 319 837 viscerum
341 789 466 840 suorum
489 780 605 853 panem
627 773 777 840 severitas
798 771 933 839 Romans
955 773 1098 840 concidit.

49 871 120 937 barn
161 873 347 937 adventante
379 873 493 940 dudum
523 872 638 953 Pyrrho
672 879 779 940 octava
818 872 918 959 tegio,
956 871 1099 938 diffidens

48 971 200 1037 Romanae
231 974 315 1053 spei,
348 966 462 1040 novum
495 973 598 1037 scetus
624 989 713 1051 ausa,
740 971 953 1054 Rheginsnses
981 989 1099 1050 omnes,

48 1074 160 1152 quibus
185 1073 324 1139 subsidio
351 1079 507 1152 proderat,
535 1069 706 1146 interiecit3
730 1073 872 1152 praedam
892 1073 954 1140 sibi
976 1091 1099 1138 ornnem

46 1181 139 1253 atque
160 1175 258 1254 ipsurn
282 1173 425 1253 oppidurn
447 1172 622 1236 vindicavit
658 1171 723 1238 Hoc
746 1171 865 1238 lucinus
886 1173 918 1238 iu
941 1179 1000 1237 tam
1023 1191 1097 1236 sce·

46 1272 157 1337 leratos
186 1272 361 1336 defectores
383 1273 571 1352 puniendum
594 1270 733 1336 Genucio
756 1272 875 1336 consuli
893 1275 1022 1356 jussum·
1036 1282 1097 1337 est:

46 1374 114 1452 qui,
148 1373 276 1435 obsessa
302 1372 510 1454 Rheginorunr
539 1373 621 1434 Urbe
655 1375 814 1457 captisque
842 1375 999 1452 omnibus,
1032 1375 1098 1456 ipsc

46 1473 170 1551 quidem
187 1473 219 1533 in
233 1474 373 1553 reliquos
387 1473 531 1554 perfugas
547 1481 578 1536 et
593 1474 726 1536 latrones
742 1477 883 1536 exercuit
898 1476 990 1557 digna
1007 1472 1097 1551 [221]

43 1572 209 1651 supplicia:
238 1571 391 1632 Romanos
418 1590 494 1633 vero
521 1572 633 1633 milites
658 1575 798 1653 integrae
821 1574 952 1656 legionis
972 1575 1098 1638 Romam

43 1673 140 1734 misit:
166 1672 220 1750 qui
243 1670 348 1750 populi
365 1672 454 1752 jussu
478 1671 579 1732 medio
601 1672 632 1730 in
654 1671 723 1731 loro
744 1672 840 1751 virgis
858 1675 951 1750 caesi,
974 1676 1098 1736 securl-

43 1790 104 1851 quc
127 1771 268 1851 percussi
291 1767 370 1832 suist.
414 1760 485 1832 Visa
508 1772 567 1833 sibi
589 1777 636 1833 est
658 1778 732 1832 tunc
753 1770 847 1832 Roma
869 1772 1006 1852 vincere,
1029 1791 1099 1836 curn

43 1872 201 1953 legionem
228 1888 315 1932 suarn
342 1871 493 1952 integram
519 1873 649 1950 occidit,
679 1889 758 1950 quae
790 1873 858 1934 sine
891 1872 985 1936 dubio
1018 1874 1099 1936 victa

42 1969 172 2050 luisset,
194 1970 222 2033 si
243 1989 310 2035 eam
334 1971 437 2034 hostili
459 1971 575 2051 proelio
597 1972 790 2053 perdidisset.

411 2212 609 2363 tsp'ut
660 2223 737 2332 ll.

42 2427 99 2494 De
121 2428 308 2495 horrendis
328 2429 534 2514 quibusdam
553 2429 720 2513 prodipiis
742 2431 775 2491 ct
795 2395 838 2491 de
859 2427 943 2495 betto
958 2427 1100 2499 Picenti.

129 2583 223 2647 Anno
245 2584 283 2659 ab
298 2584 381 2651 Urbe
401 2583 523 2648 conditu
539 2579 783 2644 ccccuxxvlt.
805 2579 958 2642 obscoena
981 2588 1012 2644 ct
1035 2581 1100 2646 dira

41 2683 186 2764 prodigia
206 2683 259 2751 vsi
280 2684 482 2770 visalionrsc
503 2682 554 2748 vel
576 2681 720 2745 nunciato
743 2687 823 2743 sunt.
860 2680 963 2744 Aedes
987 2683 1100 2744 Salutis

41 2784 108 2846 ictu
124 2783 264 2852 fulminis
279 2784 436 2864 dissoluta,
458 2800 527 2865 pars
543 2782 621 2848 nuri
636 2782 694 2844 sub
718 2781 826 2844 eodem
849 2780 918 2842 loco
941 2781 979 2842 de
1002 2783 1100 2859 caelo,

41 2890 77 2947 ut
99 2884 219 2962 dicunt,
242 2891 321 2952 tacta
343 2893 397 2951 est.
441 2885 519 2966 Lupi
532 2891 607 2961 tres,
629 2889 701 2946 sate
716 2882 817 2952 lucana
833 2881 965 2963 ingrcssi
980 2881 1100 2964 urbem,

41 3000 201 3053 semesum
232 2987 365 3053 cadaver
392 2987 577 3061 intulerunt,
611 3001 813 3064 sparsumque
845 2982 1034 3052 membratim
1050 2985 1054 2994 '
1068 2985 1101 3046 iu

40 3081 112 3144 foro
148 3085 208 3164 insi
241 3087 370 3165 strepitu
402 3085 560 3149 hominum
592 3085 743 3144 exterriti·
762 3083 966 3163 reliquerunt.
1010 3082 1100 3162 Apud

39 3183 181 3252 Formias
208 3185 312 3251 nattis
340 3186 453 3250 ictibus
475 3183 636 3248 fnlmlnum
662 3181 781 3244 moenia
803 3181 941 3259 undique
962 3181 1101 3260 ambusta

40 3291 73 3345 et
97 3285 248 3352 dissoluta
270 3291 350 3351 sunt.
394 3285 485 3365 Apud
512 3301 620 3365 ogmrn
648 3282 794 3344 Calenum
821 3286 950 3358 repente
981 3279 1101 3344 flamma

40 3386 143 3447 scisso
165 3391 275 3453 terrae
290 3386 376 3456 biatu
397 3392 544 3462 eructata,
567 3383 666 3445 tribus
688 3380 798 3442 diebus
820 3380 980 3462 tribusque
996 3383 1099 3445 nocti·
1185 3398 1188 3403 ·

39 3483 101 3554 bus
126 3484 308 3553 terribiliter
330 3493 529 3561 exaestuans,
558 3483 696 3563 quinque
724 3483 789 3564 egri
812 3483 924 3564 jugera
951 3482 1101 3546 exhausto

40 3586 171 3663 penitus
192 3601 286 3652 succo
315 3587 464 3650 ubertatis
491 3585 524 3647 in
551 3584 688 3646 cinerem
714 3584 880 3660 extorruit,
908 3584 950 3645 ita
978 3590 1012 3645 ut
1039 3599 1101 3644 non
1202 3665 1203 3670 ἵ

11 3686 14 3692 ’
39 3682 153 3765 fruges
175 3684 287 3760 solum,
309 3686 365 3751 sed
387 3694 418 3751 et
439 3685 565 3749 arbores
586 3703 656 3749 cum
673 3685 741 3746 irnis
756 3683 901 3764 stirpibus
916 3683 1102 3746 absumsisse

39 3783 207 3854 releuatus.
253 3785 403 3866 Sequenti
425 3785 536 3849 abhinc
556 3802 639 3847 anno
662 3783 861 3865 Sempronius
883 3781 992 3844 consul
1014 3773 1101 3864 ΓΜ]

37 3885 196 3954 adversus
218 3885 359 3955 Picens
380 3887 470 3950 duxit
490 3886 672 3949 exercitum.
715 3883 755 3949 Et
782 3901 851 3948 curn
878 3881 994 3943 directa
1022 3880 1102 3946 intra

33 3987 159 4064 t'bctttn
182 3986 237 4054 teli
260 3994 392 4068 utraque
413 3988 496 4052 acies
517 3987 715 4063 constitisset,
737 3988 867 4062 repente
881 3981 1008 4043 ita‘curn
1023 3981 1100 4042 bor-
