2634 4434
706 287 775 357 142

216 533 247 587 et
268 523 367 606 patrui
389 522 491 584 animo
513 521 693 599 intendens,
716 522 912 602 Pyrenaeum
933 527 1141 602 transgressus
1167 519 1249 600 primo

214 628 330 706 impetu
358 621 573 703 Carthaginem
600 640 711 684 novam
739 623 835 703 cepit:
870 621 924 683 ubi
956 620 1108 700 stipendia
1135 620 1248 682 unxina

213 724 364 806 praesidia
386 722 497 799 valida,
521 723 628 802 copiae
649 724 716 785 auri
738 722 921 804 argentique
944 737 1073 802 magnae
1095 712 1247 784 Poenorum

212 825 405 888 habebantur
425 823 469 884 ibi
490 823 581 883 etiam
604 822 764 904 Magonem
793 821 916 884 fratrem
945 819 1107 883 Annibalis
1135 829 1248 900 captum,

213 945 282 988 cum
298 925 429 987 caeteris
443 922 568 984 Romam
588 922 677 986 misit.
721 922 873 984 Laevinus
896 921 1004 984 consul
1026 939 1067 983 ex
1088 919 1249 983 Macedonia

176 1023 178 1027 ⁴
212 1027 337 1090 rediens
369 1022 589 1104 Agrigentum,
622 1023 730 1085 urbem
765 1021 889 1086 Siciliae
921 1024 1126 1104 expugnavit:
1159 1021 1249 1100 ibique

212 1127 391 1203 Annonem,
413 1121 558 1187 Afrorum
581 1124 707 1201 ducem,
730 1123 827 1202 cepit,
850 1123 1050 1204 quadraginta
1072 1123 1207 1185 ciuitates
1224 1121 1249 1181 in

213 1227 400 1291 deditionem
423 1225 559 1302 accepit,
581 1225 692 1312 uiginti
714 1230 746 1286 et
766 1240 823 1286 sax
845 1224 1040 1306 expugnavit.
1076 1221 1206 1284 Annibal
1225 1221 1249 1282 in

213 1325 299 1389 ltalia
326 1324 379 1387 Cn.
405 1323 545 1386 Fulvium
573 1323 805 1403 proconsulem,
838 1324 983 1386 undecim
1016 1329 1175 1403 praeterea
1201 1323 1249 1383 tri-

213 1421 300 1507 [264]
334 1425 433 1486 bunos
465 1424 575 1486 decem
607 1432 639 1486 et
670 1431 786 1504 septem
818 1424 911 1486 millia
939 1423 1069 1486 militum
1099 1421 1249 1484 interiecit.

178 1606 185 1618 ,
211 1523 374 1589 Marcellus
396 1524 505 1588 consul
527 1543 596 1586 cum
618 1524 773 1587 Annibale
795 1525 930 1586 triduum
959 1525 1140 1587 continuum
1170 1522 1249 1584 dimi-

212 1627 302 1688 cavit.
333 1625 431 1688 Primo
454 1624 504 1689 die
527 1626 591 1704 pari
614 1644 716 1706 pugna
739 1626 907 1688 discessum
931 1631 978 1686 est
999 1625 1143 1704 sequenti
1165 1625 1250 1683 victus

212 1727 330 1803 consul,
353 1726 445 1788 tertio
459 1726 558 1786 uictor
572 1732 645 1786 octo·
658 1725 751 1787 millia
766 1725 900 1787 hostium
915 1723 1079 1802 interfecit,
1103 1725 1251 1805 ipsumque

211 1825 394 1887 Annibalem
418 1842 486 1885 rum
510 1824 638 1902 reliquis
661 1823 771 1903 fugere
793 1825 825 1885 in
848 1832 945 1886 castra
968 1825 1122 1905 compulit.
1155 1822 1251 1884 Fabius

210 1925 360 1986 Maximus
375 1924 483 1985 consul
494 1923 656 1984 Tarentum
674 1942 753 2003 quae
768 1924 940 1988 aRomanis
956 1925 1138 2004 desciverat,
1154 1927 1250 1986 iterum

212 2024 401 2106 expugnavit
423 2030 454 2085 et
476 2024 571 2103 cepit:
596 2023 703 2102 ibique
725 2025 868 2106 ingentes
890 2026 993 2106 copias
1011 2026 1175 2088 Annibalis
1194 2039 1251 2084 cun

210 2126 277 2206 ipso
300 2124 379 2186 duce
401 2125 470 2204 ejus
492 2122 674 2186 Carthalone
696 2124 821 2202 deleuit,
844 2126 968 2208 triginta
992 2126 1086 2188 millia
1107 2125 1252 2187 horuinmn

211 2226 399 2304 captivorum
433 2225 572 2298 vendidit
604 2227 702 2304 pretia
735 2227 767 2287 in
800 2225 907 2290 liscum
939 2225 1054 2287 retulit.
1115 2222 1250 2304 Sequenti

210 2341 291 2385 anno
313 2325 345 2385 in
367 2323 452 2387 ltalia
475 2325 620 2386 Claudius
641 2325 804 2389 Marcellus
826 2324 933 2387 consul
955 2323 993 2384 ab
1015 2323 1172 2386 Annibale
1194 2339 1249 2385 cum

210 2425 350 2488 exercitu
372 2427 493 2488 occisus
510 2421 568 2487 'est
614 2425 716 2508 Scipio
739 2427 770 2488 in
792 2425 936 2504 Hispania
957 2423 1129 2484 Poenorum
1154 2424 1249 2487 ducem

208 2524 411 2588 Asdrubalem
435 2526 510 2588 vicit
530 2533 562 2587 et
584 2528 690 2590 castris
706 2526 798 2588 exuit.
832 2524 993 2586 Praeterea
1008 2524 1165 2604 octoginta
1180 2523 1248 2585 ciui-

209 2630 287 2684 tates
309 2631 362 2686 aut
384 2624 541 2688 deditione
562 2635 615 2690 aut
636 2626 719 2689 ballo
742 2626 773 2686 in
795 2631 977 2704 potestatem
1004 2623 1133 2704 redegit.
1178 2622 1249 2684 Alris

209 2723 266 2785 suh
289 2741 402 2786 corona
424 2727 558 2791 venditis
579 2730 647 2790 sine
670 2728 769 2806 pretio
791 2725 906 2787 dimisit
927 2723 1085 2804 Hispanos.
1128 2720 1250 2785 Annibal

208 2831 374 2904 utrumque
402 2828 559 2890 consulem
581 2825 757 2888 Marcellum
786 2831 818 2886 et
845 2825 1017 2905 Crispinum
1045 2824 1165 2886 insidiis
1192 2823 1249 2884 cir-

208 2933 388 2988 cumventos
403 2928 565 2991 interiecit.
604 2923 731 2986 Claudio
746 2924 869 2987 Nerone
885 2933 916 2988 et
931 2923 967 2987 M.
983 2924 1072 2986 Livio
1089 2924 1249 2987 Salinatore

208 3025 396 3107 consulibus,
419 3047 487 3091 cum
510 3023 663 3086 Asdrubal
677 3024 840 3089 Annibalis
861 3024 956 3088 irater
977 3024 1014 3087 ab
1031 3025 1182 3104 Hispaniis
1203 3037 1250 3103 per

208 3123 319 3190 Gallias
341 3129 379 3190 ad
401 3127 516 3188 ltaliam
539 3125 662 3188 veniret
678 3127 847 3208 iussusque
869 3124 1204 3206 aCarthaginiensibus
1221 3127 1249 3182 ut

206 3223 292 3286 fratri
314 3246 383 3288 cum
407 3227 503 3304 copiis
524 3226 724 3306 jungeretur,
748 3246 856 3310 magna
878 3245 983 3289 secum
1006 3225 1121 3288 auxilia
1143 3225 1247 3303 llispa·

206 3342 314 3387 norum
335 3325 553 3405 Gallorumque
574 3327 753 3404 deduceret,
776 3346 845 3389 cum
869 3333 1017 3388 maturato
1039 3325 1174 3387 adventu
1196 3324 1247 3385 de-

205 3426 364 3487 scendisse
387 3427 449 3504 jam
479 3443 519 3486 ex
545 3426 674 3508 Alpibus
702 3426 880 3488 consulibus
907 3425 1044 3506 proditus
1077 3423 1187 3486 luisset
1216 3421 1248 3482 ah

206 3524 345 3586 exercitu
368 3522 514 3603 Romano,
538 3528 699 3608 ignorante
715 3526 867 3588 Annibale
888 3531 1073 3607 praeventus
1089 3541 1157 3586 cum
1173 3519 1248 3584 omni

119 3658 121 3662 >
206 3620 291 3704 [265]
320 3626 459 3686 exercitu
486 3644 544 3688 suo
571 3624 752 3689 interiectus
781 3633 835 3688 est.
879 3626 941 3686 Diu
968 3625 1091 3706 quidem
1120 3624 1248 3685 incertus

203 3723 279 3784 belli
305 3730 435 3786 eventus
463 3725 536 3802 luit,
566 3723 736 3803 elephantis
760 3725 891 3786 maxime
912 3725 1077 3787 Romanam
1100 3721 1246 3786 iniestan-

204 3821 288 3882 tibus
314 3825 428 3901 aciem,
457 3827 511 3903 qui
538 3843 556 3884 a
579 3824 725 3888 militibus
746 3824 889 3888 Romanis
911 3826 1006 3888 occisi
1027 3832 1115 3904 sunt,
1138 3835 1247 3902 quosa

203 3919 359 3984 volitando
380 3923 491 3986 velites
518 3931 645 3986 vocant:
677 3925 759 4005 quod
784 3943 884 4007 genus
912 3927 1038 3990 militiae
1065 3924 1156 4006 paulo
1183 3925 1247 3984 aule

1293 743 1302 1292 ι
