2634 4434
714 325 784 394 116

649 425 851 434 *no—n·-

222 565 319 629 rendo
341 561 463 645 fragore
484 568 566 624 terra
588 561 723 638 tremuit,
745 567 780 622 ut
800 565 925 639 stupore
948 555 1087 620 miraculi
1109 563 1263 640 utrumque

222 663 415 746 pavefactum
437 680 547 744 agmen
568 661 761 724 hebesceret.
803 659 863 721 liin
885 659 1014 722 adtoniti
1035 659 1192 740 utrimque
1212 675 1262 738 po-

221 765 286 845 puli
307 763 511 839 haesitavere,
533 761 740 842 praejudieata
762 760 877 840 incepti
899 759 1096 822 conscientia.
1141 759 1263 820 Tandem

221 881 372 944 procursu
400 863 521 926 concito
548 862 647 923 iniere
677 866 843 923 certamen.
886 859 985 922 Triste
1007 859 1084 920 adeo
1107 859 1138 921 id
1161 858 1264 921 bellun

222 963 292 1042 fuit,
313 972 349 1026 ut
371 965 480 1026 merito
502 963 622 1025 dicatur
643 968 759 1022 tantum
783 960 947 1022 humanum
964 958 1145 1040 sanguinem
1162 976 1264 1022 susce-

222 1070 311 1144 ptura
339 1065 432 1126 etiam
461 1082 530 1126 cum
558 1061 677 1146 gemitu
706 1060 867 1123 horrisono
893 1067 967 1122 tunc
995 1067 1076 1123 terra
1104 1060 1264 1122 tremuisse.

169 1186 171 1191 ·
222 1161 351 1227 Romani
372 1164 461 1244 pauci
484 1163 657 1240 admodum,
681 1179 719 1222 eo
741 1161 857 1241 praelio
880 1160 933 1240 qui
955 1177 1095 1236 evasere,
1124 1160 1264 1223 vicerunt.

603 1412 797 1550 daput
844 1411 889 1520 ll.

223 1618 379 1686 Rursum
403 1617 560 1701 prodigia
586 1617 672 1684 cira.
722 1615 990 1685 Vulsiniensium
1016 1614 1164 1680 libertini
1189 1633 1268 1681 con-

222 1722 361 1805 spirant
379 1719 550 1785 odoeraua
572 1720 745 1797 dominos,
775 1718 900 1803 quibos
926 1716 1074 1784 Romani
1101 1715 1268 1782 audeone-

382 1823 475 1886 runt.
517 1817 629 1884 Rome
654 1820 780 1913 iterum
798 1822 898 1901 peste
920 1819 1114 1904 corripitur.

308 1971 399 2033 Anno
421 1970 459 2033 ab
482 1970 564 2032 Urbe
586 1971 708 2055 condita
732 1969 944 2032 dccccxxx.
968 1971 1049 2032 inter
1076 1969 1170 2034 multa
1201 1989 1270 2054 pro·

224 2073 306 2156 digia
344 2073 471 2152 sanguis
503 2089 522 2130 e
555 2077 652 2147 terra,
681 2069 728 2130 lac
755 2057 854 2130 visum
884 2077 932 2132 est
960 2088 1083 2133 ntanare
1111 2072 1150 2133 de
1178 2072 1270 2134 coelo.

222 2175 299 2238 Nam
326 2179 357 2234 et
383 2169 521 2250 plurimis
548 2168 625 2230 locis
651 2168 822 2231 scaturiens
850 2187 867 2230 a
894 2168 1030 2232 lontibus
1058 2188 1150 2233 cruor
1177 2172 1271 2248 fluxit,

224 2281 257 2335 et
278 2273 317 2334 de
339 2268 473 2329 nubibus
494 2269 636 2348 guttatim
664 2268 696 2329 in
723 2268 857 2347 speciem
882 2267 1006 2348 pluviae
1034 2269 1113 2332 lacte
1142 2273 1271 2334 demisso

223 2372 299 2449 diri,
328 2374 362 2430 ut
383 2368 456 2448 ipsis
478 2369 578 2430 visum
601 2376 663 2446 est,
694 2374 804 2430 terram
833 2367 946 2430 imbres
973 2369 1191 2449 irrigaverunt.
1236 2371 1271 2433 Ea

223 2480 361 2553 tempore
392 2467 676 2550 Carthaginienses,
705 2469 774 2531 dato
802 2469 965 2532 adversum
987 2467 1139 2531 Romanos
1162 2472 1272 2534 auxilio

222 2571 406 2646 Tarentinis,
429 2586 498 2629 cum
521 2587 539 2630 a
560 2577 670 2630 senatu
692 2587 747 2648 per
762 2569 879 2651 legatos
894 2575 1108 2650 arguerentur,
1132 2572 1272 2652 turpissi-

223 2689 302 2732 mam
334 2667 417 2747 rupti
445 2664 580 2727 foederis
608 2667 707 2728 labem
734 2677 909 2747 praesumto
936 2668 1173 2732 adeumulavere
1203 2690 1272 2753 per·

219 2771 314 2854 jurio.
356 2767 443 2830 Tunc
464 2766 556 2828 etiam
578 2765 807 2848 Vulsinienses,
834 2767 1032 2831 Etruscorum
1058 2769 1273 2847 florentissimi,

223 2866 310 2953 [223]
332 2867 455 2929 luxuria
476 2883 575 2945 paene
597 2866 764 2946 perierunt.
800 2867 874 2929 Nam
898 2886 967 2931 eum
988 2869 1114 2932 licentia
1136 2871 1168 2930 in
1197 2888 1272 2932 con-

223 2967 419 3032 suetudinem
438 2971 612 3047 prcrogata,
633 2982 741 3028 servos
763 2984 835 3030 suos
858 2970 970 3049 passim
991 2969 1106 3032 liberos
1128 2967 1273 3046 lacerent,

224 3067 378 3132 conviviis
409 3065 606 3147 adlegerent,
639 3066 796 3148 conjugiis
828 3067 1042 3148 honestarent,
1074 3069 1214 3132 libertini
1246 3070 1274 3130 in

223 3176 339 3250 partem
359 3167 519 3247 potestatis
539 3165 656 3246 recepti
679 3165 900 3246 plenitudinem
923 3186 979 3249 per
1000 3168 1102 3232 scelus
1128 3186 1273 3250 usurpare

223 3268 361 3331 meditati
388 3274 475 3342 sunt3
505 3273 538 3329 et
557 3265 680 3328 liberati
701 3268 859 3330 servitutis
877 3271 971 3350 jugo,
994 3269 1109 3332 ambitu
1132 3269 1273 3331 domina-

223 3369 317 3429 tionis
338 3373 494 3440 arserunt;
525 3373 557 3428 et
578 3383 656 3446 quos
679 3365 818 3429 dominos
841 3367 955 3431 subditi
977 3369 1202 3449 aequanimiter
1225 3368 1273 3430 di-

223 3466 378 3542 lexerunt,
400 3483 454 3528 eos
471 3467 535 3548 jam
557 3465 658 3544 liberi,
682 3466 764 3546 quod
782 3461 926 3531 *dominos
948 3468 1045 3531 fnisse
1064 3470 1273 3546 meminerant,

224 3565 377 3627 exsecmti
409 3572 490 3628 sunt.
538 3564 646 3644 ltaque
679 3568 889 3646 conspirantes
922 3569 954 3630 in
988 3567 1108 3632 lacinus
1140 3568 1274 3632 libertini
1308 3563 1309 3596 ³

224 3663 366 3746 (quorum
388 3670 472 3727 mum
493 3680 601 3726 manus
622 3663 691 3742 fuit,
714 3671 748 3727 ut
769 3667 838 3728 sine
860 3670 1069 3732 controversia
1090 3685 1170 3730 ausu
1191 3668 1273 3748 poti-

223 3764 343 3842 rentur)
372 3771 543 3844 correptam
575 3762 684 3825 urbem
717 3781 774 3827 suo
807 3771 923 3828 tantum
955 3769 1065 3849 generi
1097 3769 1273 3830 vendicant:

223 3865 404 3944 patrimonia
436 3863 643 3944 conjugiaque
671 3863 863 3928 dominorum
891 3866 950 3930 sibi
976 3867 1157 3948 perseelus
1180 3883 1273 3930 usur-

224 3970 306 4043 pant,
329 3969 469 4027 extorres
490 3961 630 4028 dominos
651 3964 760 4046 procul
782 3965 921 4048 abigunt,
944 3969 999 4049 qui
1013 3969 1128 4049 miseri,
1152 3967 1274 4033 exsules
