2634 4434
697 337 770 406 314
826 407 827 420 ,

629 432 835 448 h-—u——n——n—-n

205 580 321 661 gaicus,
344 579 479 641 omnium
500 579 696 659 antiquorum
719 578 990 658 praesentiumque
1013 577 1149 644 hostium
1175 581 1274 664 longe

206 676 303 763 {568}
316 681 561 757 immanissimus,
584 680 747 759 repentino
770 679 885 759 impetu
909 686 1001 741 totam
1018 667 1185 744 inundavit
1201 683 1271 744 lta·

205 781 285 844 liam.
321 781 396 842 Nam
419 779 515 843 luisse
538 782 569 842 in
592 780 704 861 populo
727 782 795 861 ejus
816 779 884 859 plus
907 797 996 859 quam
1019 780 1154 842 ducenta
1172 783 1272 844 millia

206 881 373 944 Gothorum
400 881 509 943 lerunt.
556 881 613 942 llic
634 879 725 960 supra
748 879 827 942 hanc
849 879 1060 943 incredibilem
1084 882 1270 944 multitudi-

205 1000 276 1044 nem
293 983 540 1063 ¹indomitamque
561 984 706 1045 virtutem
730 997 865 1063 paganus
893 988 926 1042 et
948 981 1058 1062 Scytha
1087 990 1171 1044 erat:
1202 981 1269 1063 qui,

144 1139 146 1143 .
206 1090 241 1144 ut
261 1099 327 1144 mos
349 1090 397 1166 est
423 1082 561 1144 barbaris
590 1082 764 1166 hujusmodi
793 1081 955 1164 gentibus,
983 1071 1270 1146 ornnem'llomani

205 1185 330 1264 generis
366 1185 547 1265 sanguinem
581 1185 640 1250 diis
672 1185 736 1247 suis
769 1183 930 1263 propinare
964 1183 1143 1245 devoverat.
1201 1185 1268 1246 lloc

204 1285 300 1365 igitur
321 1284 465 1346 Romanis
486 1285 608 1346 arcibus
631 1286 825 1360 imminente,
853 1281 886 1343 ht
913 1284 1047 1345 omnium
1072 1302 1266 1366 paganorum

205 1386 237 1446 in
251 1385 340 1448 Urbe
362 1402 542 1462 concursus,
565 1371 689 1446 Hostem
712 1385 821 1447 adesse
843 1401 912 1445 cum
935 1385 1182 1463 utiquevirium
1205 1403 1266 1447 co-

204 1487 265 1565 pia,
288 1493 350 1547 turn
374 1487 506 1546 maxime
520 1486 672 1565 praesidio
689 1485 815 1546 deorum
831 1491 1004 1564 petentem:
1029 1484 1143 1546 Urbem
1160 1493 1264 1548 autem

205 1585 277 1649 ideo
300 1586 475 1648 destitutam
498 1593 530 1648 et
558 1594 676 1648 mature
705 1589 885 1666 perituram,
915 1586 986 1667 quia
1016 1585 1090 1648 deos
1122 1593 1154 1648 et
1178 1605 1264 1648 sacra

204 1687 380 1766 perdiderit.
424 1686 542 1768 Magnis
565 1687 700 1766 querelis
723 1685 839 1767 ubique
862 1687 963 1768 agitur
985 1693 1016 1746 et
1046 1688 1197 1748 continuo
1225 1687 1263 1748 de

204 1787 381 1867 repetendis
413 1788 508 1860 sacris
542 1786 796 1865 celebrandisque
830 1793 982 1850 tractatur.
1032 1786 1168 1868 Fervent
1202 1794 1263 1850 tota

204 1887 287 1950 Urbe
309 1887 526 1970 blasphemiae,
547 1887 641 1970 vulgo
665 1905 777 1949 nomen
797 1887 908 1950 Christi
930 1895 1083 1968 tamquam
1106 1888 1177 1950 lues
1200 1887 1261 1951 ali-

205 2005 265 2068 qua
296 1990 503 2066 praesentium
538 1996 707 2068 temporum
741 1988 911 2068 opprobriis
943 1972 1097 2070 gravatur.
1153 1988 1262 2069 ltaque

204 2086 354 2148 ineffabili
372 2087 490 2168 J'udicio
510 2088 568 2148 Dei
591 2087 704 2148 sactum
728 2095 784 2164 est,
807 2089 863 2165 uti,
887 2090 1029 2168 quoniam
1053 2089 1083 2149 in
1107 2090 1261 2168 permixto

204 2187 316 2268 populo
344 2188 402 2268 piis
429 2189 542 2268 gratia,
565 2188 666 2268 impiis
694 2205 793 2268 poena
822 2189 1007 2267 debebatur,
1036 2189 1262 2269 oportebatque

203 2289 339 2368 permitti
365 2288 486 2366 hostes,
515 2289 568 2369 qui
595 2287 809 2350 insuadibilem
837 2291 870 2350 in
896 2290 1036 2376 plurimis
1070 2297 1101 2351 et
1130 2297 1261 2352 contra-

204 2388 357 2450 dicentem
381 2388 535 2450 civitatem
559 2389 769 2450 severioribus
791 2389 880 2452 solito
910 2389 1012 2470 llagris
1042 2398 1261 2471 coarguerent,

204 2496 390 2551 nontamen
414 2506 484 2568 eos,
507 2491 563 2569 qui
588 2490 754 2551 indiscrete
782 2497 906 2552 erectos
934 2491 1135 2571 intemperata
1164 2491 1263 2553 caede

205 2589 360 2668 delerent,
390 2591 452 2652 duo
479 2597 552 2652 tunc
581 2589 747 2652 Gothorum
776 2591 880 2670 populi
908 2609 976 2652 cum
1000 2592 1120 2653 duobus
1143 2598 1261 2671 poten·

205 2690 330 2752 tissimis
351 2691 477 2773 regibus
499 2691 563 2753 suis
586 2708 641 2770 per
655 2691 805 2753 Romanas
825 2692 998 2772 provincias
1020 2691 1260 2754 baccharentur:

205 2807 335 2870 quorum
369 2810 450 2855 unus
480 2792 670 2855 Christianus
703 2793 888 2873 propiorque
916 2791 1051 2856 liumano
1079 2800 1111 2854 ct
1138 2792 1185 2871 (ut
1209 2809 1262 2859 res

206 2886 293 2972 [aba]
316 2891 434 2973 docuit)
457 2894 566 2954 timore
593 2894 652 2954 Dei
679 2894 760 2956 mitis
795 2895 826 2954 in
857 2893 968 2970 caede,
989 2894 1078 2961 ‚alius
1109 2885 1260 2974 paganus,

205 2990 354 3053 barbarus
377 2999 408 3052 et
429 3011 505 3052 vere
528 2992 651 3072 Scytha,
674 2993 804 3073 quinon
821 3000 936 3054 tantum
952 2994 1080 3076 gloriam
1095 3001 1148 3056 aut
1163 3011 1259 3074 prae-

206 3090 286 3168 dam,
309 3097 456 3172 quantum
472 3092 704 3155 inexsaturabili
720 3094 901 3156 crudelitate
917 3095 1011 3174 ipsam
1028 3095 1153 3157 caedem
1169 3112 1260 3156 ama-

205 3200 254 3256 ret
276 3192 308 3253 in
330 3193 440 3256 caede:
465 3200 496 3256 et
517 3194 567 3256 hic
585 3194 646 3274 jam
670 3195 739 3255 sinu
767 3203 910 3276 receptus
939 3195 1059 3273 ltaliae,
1087 3195 1215 3256 Romam
1243 3214 1261 3256 e

205 3295 345 3374 proximo
368 3301 549 3355 trementem
572 3301 690 3357 terrore
714 3295 884 3374 quassabat.
928 3295 1035 3375 ltaque
1061 3298 1087 3359 si
1110 3295 1184 3357 huic
1207 3295 1260 3357 ul-

206 3395 299 3456 tionis
321 3401 454 3475 potestas
476 3397 719 3476 permitteretur,
750 3415 840 3476 quem
868 3395 996 3458 Romani
1022 3396 1061 3458 ob
1083 3396 1143 3458 hcc
1164 3413 1261 3476 prae-

206 3497 297 3576 cipue
320 3495 487 3557 timendum
510 3495 744 3575 arbitrabantur,
768 3499 839 3576 quia
856 3495 1142 3562 Deorum-savorem
1158 3497 1261 3559 sacri-

205 3596 344 3659 ficiorum
368 3596 525 3675 ohsequiis
552 3597 712 3672 invitaret3
747 3603 778 3658 et
807 3598 1035 3660 immoderatior
1057 3597 1168 3659 caedes
1192 3599 1261 3658 sine

206 3695 309 3760 fructu
342 3696 565 3759 emendationis
597 3699 739 3774 arsisset,
775 3705 806 3760 et
837 3716 923 3760 error
956 3699 1141 3760 novissimus
1174 3700 1262 3779 pejor

205 3799 309 3878 priore
342 3799 507 3873 crevisset:
542 3796 790 3876 quandoquidem
820 3800 851 3859 in
882 3800 992 3880 pagani
1021 3805 1052 3860 et
1081 3797 1261 3860 idololatrae

206 3914 315 3959 manus
343 3898 503 3974 incidisse,
538 3913 600 3957 nou
626 3888 726 3958 solum
754 3899 880 3979 paganis
908 3899 1040 3961 residuis
1070 3899 1109 3961 de
1136 3900 1260 3962 instau-

206 3996 303 4058 rando
325 3996 410 4058 cultu
433 3997 582 4061 idolorum
605 4005 688 4060 esset
709 3996 877 4062 indubitata
900 4001 1069 4078 persuasio,
1092 4000 1261 4063 sedetiam
