2634 4434
473 324 680 440 Q.-

51 560 179 633 Quibus
192 560 332 623 breviter
351 560 588 640 respondebitur
608 568 641 622 et
663 562 745 640 ipsos
766 561 807 622 de
832 561 1020 640 temporibus
1045 580 1103 628 so-

48 659 114 723 lere
144 661 266 725 causari
288 667 321 724 et
341 677 397 722 nos
419 677 475 740 pro
497 661 606 724 iisdem
630 660 818 741 temporibus
841 661 1010 726 instituisse
1031 681 1103 727 ser-

47 778 188 824 monem:
212 779 293 842 quae
315 767 451 841 tempora
473 779 537 824 nou
559 762 613 824 uni
636 769 751 824 tantum
774 761 844 823 urbi
864 761 1028 841 adtributa,
1049 763 1105 826 sed

46 861 115 923 orbi
130 863 279 924 universo
301 869 421 924 cunstat
442 880 512 924 esse
534 864 716 951 communia.
754 861 835 924 Ecce
859 881 949 944 quarn
973 862 1106 926 feliciter

45 959 278 1048 Remanent,
307 969 367 1024 tam
390 961 572 1041 infeliciter,
601 963 752 1043 quidquid
779 970 866 1026 extra
891 962 1017 1025 Romam
1046 969 1105 1042 est,

44 1062 191 1124 uincitur.
229 1062 342 1135 Quanti
363 1063 459 1144 igitur
480 1063 642 1142 pendenda
665 1071 712 1125 est
734 1070 820 1144 gutta
842 1063 919 1124 haee
933 1063 1105 1128 laboriosae

45 1159 222 1239 felicitatis,
251 1163 303 1224 cui
329 1162 516 1224 adscribitur
543 1165 636 1226 unius
663 1162 749 1224 urbis
777 1161 934 1225 beatitudo
960 1165 992 1224 iu
1022 1171 1105 1226 tanta

45 1263 128 1325 mole
160 1260 367 1338 infelicitate,
394 1280 450 1342 per
478 1281 569 1343 quam
596 1267 698 1346 agitur
724 1264 819 1325 totius
847 1261 931 1326 orbis
960 1264 1104 1326 eversio?

45 1363 110 1424 Aut
134 1364 162 1425 si
185 1363 257 1426 ideo
279 1361 382 1426 felicia
403 1371 559 1444 putantur,
582 1366 654 1445 quia
677 1365 769 1426 unius
792 1357 924 1426 civitatis
946 1380 1020 1442 opes
1042 1383 1104 1428 uu·

43 1471 113 1526 ctae
138 1470 228 1538 sunt,
251 1480 307 1524 eur
328 1481 391 1526 nou
414 1467 515 1544 potius
537 1464 748 1528 infelicissima
766 1466 961 1547 judicentur,
992 1465 1105 1544 quibus

43 1562 220 1624 miserabili
246 1565 416 1625 vastatione
445 1565 607 1626 multarum
630 1583 667 1625 ac
688 1566 770 1627 benc
791 1567 996 1628 institutarum
1019 1583 1103 1646 gen-

43 1665 123 1725 tium
150 1660 364 1742 potentissima
385 1681 482 1744 regna
510 1661 711 1726 ceciderunt?
754 1664 803 1726 An
826 1663 905 1726 forte
927 1664 1009 1726 uliud
1032 1671 1106 1726 tunc

46 1762 227 1843 Carthagini
255 1760 435 1841 videbatur,
465 1781 535 1824 cum
561 1769 632 1842 post
660 1781 757 1826 annus
786 1770 908 1826 eentum
932 1770 963 1826 et
983 1764 1106 1844 viginti,

45 1863 162 1944 quibus
185 1861 277 1924 modu
300 1860 449 1924 bellorum
472 1862 575 1924 clades
597 1863 688 1926 modo
710 1865 793 1944 pacis
816 1864 1007 1925 conditiones
1028 1881 1104 1943 per-

46 1963 249 2040 horrescam,
280 1980 363 2026 nunc
389 1963 499 2026 rebelli
520 1963 715 2041 intentione,
740 1981 821 2026 nunc
843 1963 999 2044 suppliciis
1022 1962 1105 2026 bello

47 2082 168 2143 pacem,
184 2082 261 2144 pace
276 2062 411 2125 mutabat
425 2062 518 2141 bella,
539 2065 706 2126 novissime
723 2065 842 2126 miseris
858 2063 977 2132 civibus
993 2064 1104 2143 passim

47 2181 81 2226 se
115 2167 151 2228 in
183 2166 287 2246 ignem
316 2162 422 2225 ultima
449 2163 664 2242 desperatione
686 2163 874 2243 jacientibus
901 2181 981 2226 unus
1009 2181 1105 2242 rugus

47 2271 109 2327 tota
141 2265 250 2327 civitas
277 2261 356 2324 fuit?
385 2264 435 2324 eui
458 2264 549 2324 etiam
572 2282 656 2326 nunc
680 2267 757 2342 situ,
786 2281 915 2345 parvae,
942 2263 1106 2324 moenibus

48 2365 232 2441 destitutae,
255 2380 324 2442 pars
346 2363 536 2424 miseriarum
564 2371 611 2426 est
633 2366 757 2442 audire,
781 2365 855 2444 quid
884 2365 984 2426 fuerit.
1028 2363 1106 2426 Edat

48 2465 195 2547 Hispania
216 2466 399 2527 sententiam
421 2481 518 2540 suam,
542 2482 611 2524 cum
633 2481 800 2543 perennes
816 2465 965 2526 ducentos
987 2463 1105 2542 ubique

49 2585 143 2648 agros
168 2583 241 2628 suos
268 2564 421 2645 sanguiue
449 2579 507 2624 suo
534 2561 671 2644 rigabat,
694 2564 964 2642 importunumque
986 2561 1105 2624 hostem

48 2668 132 2729 ultro
169 2667 299 2728 ostiatim
338 2663 559 2743 inquietantem
597 2681 656 2726 nee
687 2663 840 2745 repellere
876 2669 1008 2743 poterat,
1047 2681 1105 2726 nec

50 2769 221 2830 sustinere:
256 2783 326 2828 cum
359 2781 393 2826 se
425 2765 490 2826 suis
522 2765 652 2827 diversis
685 2764 812 2826 urbibus
845 2782 881 2825 ae
910 2763 986 2826 loeis
1016 2763 1106 2826 fracti

50 2869 147 2931 caede
169 2867 332 2942 bellorum,
355 2865 548 2928 obsidionum
563 2865 644 2930 fame
661 2865 820 2942 exinaniti,
837 2862 1008 2926 interfectis
1023 2881 1104 2924 con-

47 2969 177 3052 jugibus
199 2986 236 3030 ae
261 2965 368 3028 liberis
395 2968 474 3044 suis,
503 2966 542 3028 ob
569 2968 706 3030 remedia
733 2966 925 3028 miseriarum
952 2981 1106 3028 concursu

51 3072 165 3133 misero
198 3087 234 3130 ac
268 3075 372 3130 mutua
404 3067 500 3130 caede
528 3067 719 3148 jugulabant.
764 3066 844 3140 Quid
874 3074 947 3129 tunc
975 3065 1106 3129 desuis

52 3170 243 3251 temporibus
270 3167 424 3238 sentiebat
444 3168 510 3248 ipsa
531 3173 685 3246 postremo
708 3167 789 3228 dicat
811 3165 917 3228 ltalia?
940 3184 996 3227 cur
1018 3161 1105 3248 [286]
1216 3239 1220 3253 Ι

51 3290 106 3350 per
134 3286 232 3332 annos
259 3269 500 3349 quadringentos
521 3264 666 3329 Romanis
692 3267 800 3346 utique
826 3266 890 3326 suis
912 3265 1106 3344 contradixit,

53 3372 186 3447 obstitit,
208 3369 407 3450 repugnavit,
430 3368 458 3430 si
480 3385 586 3430 eorum
609 3366 741 3428 felicitas
768 3383 824 3428 sua
852 3362 1015 3430 infelicitas
1043 3385 1105 3430 non

53 3479 128 3549 erat,
150 3470 367 3549 Romanosque
389 3468 459 3531 lieri
478 3485 582 3529 rerum
610 3467 750 3529 dominos
778 3465 866 3529 bonis
893 3470 1106 3532 communibus

54 3588 113 3634 non
135 3570 297 3632 obstabat?
327 3568 395 3630 Non
417 3567 542 3648 requiro
564 3568 603 3630 de
626 3567 796 3631 innumeris
818 3568 1006 3632 diversarum
1021 3557 1112 3648 gen·¹

55 3673 127 3733 tium
156 3672 294 3752 populis,
324 3670 377 3731 diu
405 3675 495 3732 antea
523 3669 646 3748 liberis,
675 3675 748 3732 tune
777 3668 859 3731 bello
881 3671 987 3744 vietis,
1009 3666 1107 3744 patrio

55 3771 203 3849 abductis,
225 3772 325 3852 pretio
346 3770 492 3849 venditis,
514 3772 664 3834 servitute
687 3771 843 3850 dispersis,
867 3768 941 3847 quid
959 3775 1032 3826 tune
1047 3763 1107 3826 sibi

55 3872 233 3950 maluerint,
262 3873 337 3952 quid
359 3872 398 3934 de
419 3856 563 3936 Romanis
585 3871 701 3953 opinati
723 3873 800 3946 sint,
824 3865 898 3946 quid
920 3865 958 3926 de
982 3869 1106 3946 tempo·

55 3972 138 4036 ribus
163 4009 167 4012 -
175 3972 350 4052 judicarint.
416 3972 531 4036 Omitto
567 3973 606 4034 de
638 3969 776 4052 regibus
803 3980 978 4044 magnarum
1015 3981 1107 4046 opum
