2634 4434
702 281 773 352 166

1305 215 1306 228 l

1305 249 1306 294 l

1305 295 1306 310 l

631 382 838 396 -·—-—

136 522 138 525 ’
208 519 303 600 dique
341 517 418 579 mari
453 533 583 598 egerere
617 514 700 580 iuras
733 533 796 578 nnn
828 515 919 578 iacilc
952 521 1054 596 potest
1084 518 1259 584 intestinum
1305 553 1306 600 q

207 619 329 682 malum.
372 616 548 698 viperinam
582 617 696 698 quippe
727 618 962 697 conceptionem
996 617 1161 697 perditioni
1190 638 1259 684 suae
1305 601 1306 636 ¹

206 721 297 798 aluit,
325 736 381 782 sua
408 716 547 779 libidine>
563 723 700 796 auctam,
730 735 786 780 sua
814 724 911 782 morte
938 717 1097 782 victuram.
1141 717 1177 780 ln
1205 720 1258 782 boc

207 799 309 884 autem
338 818 461 882 servilis
486 817 636 881 tumultus
665 818 841 897 excitatio,
856 825 971 899 quanto
999 819 1098 884 rarior
1119 821 1258 898 caeteris,

206 929 291 985 tanto
318 919 523 982 truculentior
550 926 613 982 est:
642 920 715 998 quia
738 919 910 982 intentione
932 927 1144 984 commovetur
1165 921 1258 984 libera

206 1023 381 1102 multitudo,
402 1028 437 1082 ut
456 1019 584 1101 patriam
605 1026 729 1101 augeat,
751 1019 883 1099 servilis,
906 1027 940 1083 ut
961 1020 1096 1100 perdat..

491 1350 494 1361 .
549 1191 746 1411 capnt
796 1273 924 1382 mr·

248 1479 304 1545 Dc
324 1445 527 1558 Numantia,
550 1479 701 1646 ejuaqgcl
711 1497 776 1564 par
796 1477 993 1563 Scipionem
1015 1475 1217 1567 Africanum

669 1599 687 1646 e
700 1583 820 1650 eticae.

213 1733 222 1739 ’
289 1735 381 1800 Anno
402 1734 441 1796 ab
463 1725 545 1796 Urbe
567 1735 690 1798 condita
712 1735 841 1815 DCXX,
864 1755 934 1798 eum
957 1735 1058 1818 major*
1078 1753 1178 1816 paene
1204 1738 1254 1800 in-

205 1839 295 1902 famia
318 1834 505 1898 defoedare
528 1835 608 1916 apud
625 1835 818 1898 Numantiam
841 1845 940 1918 pacto,
963 1855 1053 1919 qnam
1076 1836 1157 1918 apud
1173 1836 1253 1900 Can·

204 1941 291 2002 dinas
320 1936 473 2018 quondam
498 1933 653 2015 furculas,
679 1937 828 2017 pudorem
855 1937 1010 2002 Romanae
1038 1936 1147 2002 frontis
1176 1955 1253 2000 oue-

203 2045 301 2118 raret,
332 2037 434 2117 Scipio
462 2036 627 2100 Africanus
655 2053 809 2098 consensu
834 2039 970 2101 omnium
992 2039 1128 2102 tribuum
1150 2039 1254 2123 consul

203 2148 340 2220 creatus,
368 2145 462 2219 atque
489 2137 527 2199 ad
554 2137 787 2219 oppuguandam
811 2136 1003 2218 Numantiam
1027 2157 1095 2200 cum
1119 2141 1254 2202 exercitu

124 2294 126 2298 .
202 2243 315 2303 missus
344 2246 400 2301 est.
448 2237 611 2300 Numantia
644 2244 746 2301 autem
781 2233 933 2301 citerioris
965 2237 1145 2318 Hispaniae,
1179 2239 1254 2302 baud

202 2340 310 2423 procul
337 2358 355 2401 a
383 2338 530 2401 Vaccaeis
557 2345 589 2401 et
616 2338 775 2403 Cantabris
802 2339 834 2402 in
863 2339 962 2426 capite
989 2338 1164 2426 Gallaeciae
1191 2343 1254 2416 sita,

203 2437 292 2526 [301]
315 2441 422 2504 ultima
444 2437 668 2504 Celtiberorum
691 2439 758 2504 fuit.
804 2439 887 2503 Haec
908 2457 963 2521 per
983 2455 1080 2502 anuos
1103 2447 1254 2520 quatuor-

202 2545 302 2606 decim
317 2561 387 2605 cum
402 2541 476 2603 solis
491 2550 623 2620 quatuor
638 2541 772 2606 millibus
792 2557 917 2604 sucrum
940 2539 1141 2621 quadraginta
1165 2542 1253 2604 millia

200 2643 406 2706 Romanorum
429 2657 493 2702 non
514 2641 613 2702 solum
636 2641 797 2718 sustinuit,
825 2641 881 2706 sod
903 2641 1108 2720 etiamvicit,
1131 2643 1252 2722 puden-

202 2746 312 2826 disque
339 2741 517 2806 foederibus
544 2739 666 2806 adfeoit.
710 2741 807 2824 Igitur
830 2739 933 2822 Scipio
954 2738 1121 2806 Africanus
1140 2740 1251 2824 Hispa-

200 2849 282 2908 niam
312 2846 470 2925 ingressus
498 2859 560 2903 non
589 2842 662 2904 ilico
689 2860 723 2905 se
742 2839 882 2924 ¹ingessit
913 2842 1067 2922 hostibus,
1099 2847 1135 2906 ut
1169 2845 1253 2924 quasi

200 2949 341 3009 incautos
364 2943 613 3020 circumveniret,
635 2944 738 3012 sciens
758 2961 917 3026 nunquam
937 2945 969 3006 id
983 2961 1083 3026 genus
1097 2943 1253 3014 bominum

200 3047 278 3110 adeo
300 3045 333 3106 in
356 3045 451 3106 otium
473 3059 602 3124 corpore
631 3050 725 3124 atque
752 3044 854 3108 auimo
881 3045 1010 3124 resolvi,
1039 3052 1072 3107 ut
1100 3063 1164 3108 non
1193 3049 1253 3127 ipsa

200 3148 347 3229 qualitate
375 3145 562 3209 habitudinis
588 3163 664 3209 suae
694 3145 854 3227 adparatus
883 3147 1012 3211 aliorum
1042 3145 1253 3226 praecelleret,

200 3251 255 3313 sed
281 3247 469 3330 aliquamdiu
497 3247 624 3310 militem
651 3265 741 3311 sunm
771 3249 802 3309 in
830 3248 938 3311 castris
966 3247 1053 3310 velut
1080 3249 1113 3310 in
1142 3247 1253 3312 sobolis

200 3350 349 3412 exercuit.
392 3348 431 3410 Et
462 3366 531 3411 cum
560 3359 676 3432 partem
704 3349 828 3412 aestatis
857 3355 1013 3429 totamque
1048 3347 1199 3420 hiemem,
1216 3365 1252 3410 ne

199 3451 354 3514 adtentata
381 3448 505 3528 quidem
533 3467 636 3532 pugna
665 3451 879 3540 transegisset,
911 3450 957 3512 sic
989 3466 1115 3530 quoque
1148 3467 1253 3530 parum

198 3550 417 3632 propemodum
450 3549 508 3612 bac
540 3551 671 3631 prefecit
703 3551 862 3614 industria.
906 3549 1045 3631 Namque
1077 3549 1132 3612 ubi
1167 3551 1253 3630 copia

198 3651 355 3734 pugnandi
383 3648 463 3712 lacta
489 3658 552 3729 est,
582 3652 738 3714 exereitus
763 3651 918 3714 Romanus
945 3667 1109 3732 oppressus
1137 3651 1253 3732 impetu

197 3751 450 3814 Numantinorum
479 3759 565 3832 terga
593 3751 762 3826 convertit3
792 3752 846 3813 sed
875 3753 1086 3832 increpatione
1108 3759 1143 3814 et
1164 3751 1253 3814 minis

199 3850 381 3930 objectantis
407 3868 478 3914 sese
501 3851 643 3914 Consulis
671 3867 828 3932 manuque
852 3853 1015 3917 retinentis
1045 3853 1167 3916 tandem
1198 3853 1251 3916 in·
1305 3863 1306 3866 ’

198 3949 341 4028 dignatus
362 3950 394 4014 in
416 3950 534 4032 hostem
557 3941 664 4033 rediit,
687 3958 833 4032 atquem
856 3952 1005 4034 fugiebat,
1028 3952 1138 4036 sugere
1161 3971 1251 4018 com-
