2634 4434
542 315 612 385 173

472 416 680 430 —u—-fl-fi-r—

57 544 151 609 viset
172 546 361 628 temporibus
382 548 496 611 nostris
518 551 699 611 exoriantur
719 550 885 632 aliquando
906 561 939 615 et
964 554 1023 618 boc
1048 558 1102 621 di·

55 648 149 709 versis
173 647 310 727 partibus
331 648 484 727 locustae,
508 656 539 711 et
561 649 745 731 plerumque
772 652 880 731 ebam,
902 653 958 717 sed
985 654 1125 719 tolera-·

53 744 152 807 biliter
177 747 308 830 laedant,
335 766 490 829 nunquam
507 756 608 811 tamen
624 752 813 831 temporibus
828 753 1008 818 Christianis
1023 762 1106 821 tanta

53 846 97 905 vis
120 847 341 911 inextricabilis
357 848 427 909 mali
442 850 564 929 accidit,
588 858 621 913 ut
636 853 791 931 pernicies
805 853 1003 936 locustarum,
1025 874 1106 936 quae
1136 932 1145 944 ¹

51 944 133 1007 nullo
156 947 246 1009 modo
268 946 344 1010 ferri
365 949 435 1011 viva
457 951 617 1029 potuisset,
634 960 752 1015 mortua
767 954 836 1034 plus
851 962 993 1017 noceret:
1017 952 1105 1039 [315]

50 1050 80 1105 et
94 1063 154 1125 qua
170 1046 224 1109 diu
238 1048 365 1111 vivente
380 1050 514 1130 peritura
530 1056 618 1111 erant
632 1053 746 1142 omnia,
767 1070 804 1115 ea
817 1054 948 1134 perdita,
963 1074 1104 1135 pereun-

49 1142 130 1209 tibus
151 1149 247 1229 magis
270 1148 423 1225 omnibus,
446 1149 610 1227 optandum
634 1148 728 1213 luerit
749 1169 791 1214 ne
813 1155 949 1232 perisset.

403 1372 589 1536 Goput
642 1400 748 1512 llll.

61 1600 126 1667 De
149 1596 360 1683 Cartbapme
380 1598 520 1667 restitut
544 1649 552 1665 .
595 1602 652 1668 De
677 1602 715 1670 O.
743 1602 893 1672 &ecclei
914 1610 1084 1679 seditione

476 1706 509 1767 et
529 1704 681 1773 interito.
968 1731 970 1735 ·
989 1718 992 1723 ’

132 1858 225 1920 Anno
247 1854 285 1917 ab
308 1854 389 1916 Urbe
412 1856 534 1919 condita
556 1857 727 1920 DGXXVll.
756 1860 790 1933 Q.
819 1857 953 1923 Caecilio
980 1860 1106 1929 lletello

42 1965 74 2021 et
97 1957 133 2019 Τ.
159 1955 304 2031 Quinctio
325 1954 494 2017 Flaminino
517 1956 600 2021 Goss.
625 1958 775 2040 Carthago
802 1959 834 2019 in
857 1959 962 2023 Africa
982 1967 1106 2029 restitui

42 2060 129 2139 jussa
174 2057 324 2138 vigesimo
358 2062 389 2117 et
420 2057 558 2119 secundo
591 2059 714 2121 demum
747 2076 845 2137 anno,
879 2077 970 2139 quam
1003 2063 1106 2134 luerat
1186 2074 1193 2087 ’

41 2176 171 2236 euersa,
193 2155 333 2220 deductis
348 2157 461 2219 civium
476 2157 681 2223 Romanorum
702 2158 836 2237 familiis,
859 2177 940 2239 qnae
962 2180 1029 2225 eam
1049 2166 1105 2227 in·

42 2260 199 2335 colerent,
221 2257 362 2319 restituta
381 2264 413 2319 et
431 2258 548 2337 repleta
571 2266 618 2323 est
640 2276 751 2341 magno
766 2266 839 2321 ante
852 2260 994 2342 prodigio
1007 2281 1105 2344 prae-

40 2360 192 2423 cedente.
226 2356 300 2419 Nam
323 2374 392 2418 eum
415 2376 573 2421 mensores
595 2360 633 2421 ad
654 2359 846 2421 limitandum
864 2359 1104 2443 Carthaginien·

40 2478 110 2522 sem
135 2475 241 2540 agrum
260 2458 344 2520 missi
362 2459 492 2537 stipites,
511 2460 710 2519 terminorum
728 2458 849 2519 indices
868 2458 958 2535 fixos,
980 2469 1105 2525 noetea

40 2562 130 2641 lupis
153 2558 293 2620 revulsos
315 2557 470 2619 mordicus
492 2574 696 2637 corrososque
718 2556 921 2637 reperissent,
949 2558 1105 2640 aliquam·

41 2661 99 2723 diu
130 2658 312 2727 haesitatum
342 2663 404 2735 est,
432 2664 534 2721 utrum
560 2657 715 2721 Romanae
743 2658 811 2737 paci
838 2658 1000 2738 expediret
1026 2660 1105 2725 Gar-

40 2761 207 2842 tbagincm
240 2757 420 2822 reformari:
454 2758 569 2821 Eodem
601 2776 683 2821 anno
712 2757 744 2819 C.
772 2757 943 2835 Gracchus,
977 2757 1107 2825 Gracchi

32 2861 146 2937 illius,
172 2860 227 2939 qui
244 2860 307 2940 jam
330 2859 451 2924 occisus
473 2861 503 2921 in
527 2860 680 2923 seditione
701 2856 812 2935 luerat,
835 2856 941 2936 imter,
964 2859 1108 2926 tribunus

38 2961 150 3041 plebis
173 2977 228 3039 per
250 2961 411 3023 tumultum
435 2967 572 3039 creatus,
599 2978 709 3041 inagna
736 2958 926 3039 reipublicae
951 2962 1108 3040 pernicies

40 3061 118 3125 suit.
171 3060 246 3121 Nam
282 3078 350 3122 cum
387 3078 479 3140 saepe
513 3060 658 3139 populum
693 3059 862 3120 Romanum
892 3060 1109 3141 largitionibus

38 3160 272 3243 promissisque
294 3161 396 3223 nimiis
419 3162 450 3221 in
473 3160 685 3222 acerbissimas
706 3157 875 3219 seditiones
897 3159 1108 3240 excitavisset,

40 3263 185 3325 maxime
207 3261 286 3341 legis
307 3262 445 3343 agrariae
468 3278 571 3337 eausa,
594 3276 648 3339 pro
672 3275 731 3338 qua
754 3257 845 3318 etiam
868 3255 964 3320 irater
981 3261 1050 3341 ejus
1063 3261 1108 3326 ri.
1179 3336 1185 3343 ‚

39 3362 209 3425 Gracchus
231 3360 332 3423 luerat
354 3363 485 3438 occisus,
509 3360 630 3421 tandem
651 3378 668 3419 a
691 3357 848 3419 tribunatu
862 3356 997 3421 blinuoio
1019 3357 1109 3444 [ato]

39 3480 233 3526 successore
249 3462 390 3525 decessit.
428 3460 579 3526 Minucius
602 3457 863 3538 tribunusplebis
885 3478 955 3522 cum
977 3464 1110 3527 maxima

39 3584 87 3626 ex
115 3570 201 3643 parte
224 3563 395 3641 decessoris
418 3564 466 3625 sni
483 3559 611 3623 Gracchi
627 3565 738 3623 statuta
760 3561 974 3639 convulsisset,
997 3563 1107 3643 leges·

41 3682 115 3745 que
143 3664 337 3745 abrogasset,
367 3662 455 3742 Cajus
485 3659 639 3725 Gracchus
667 3680 737 3723 cum
771 3660 878 3722 Fulvio
911 3661 1019 3723 Flacco
1052 3663 1106 3722 in-

38 3764 140 3847 genti
167 3765 295 3843 stipatus
322 3765 444 3845 agmine
477 3762 676 3843 Capitolium,
709 3761 764 3824 ubi
789 3761 899 3823 concio
925 3758 1109 3840 agitabatur,

38 3864 229 3928 adscendit:
258 3863 301 3925 ihi
331 3865 461 3926 ntaximo
484 3864 616 3926 tumultu
639 3862 789 3936 excitato,
812 3858 935 3938 quidam
957 3875 1110 3938 praeces

39 3964 241 4028 Gracchanis
275 3964 456 4045 interfectus
494 3964 579 4027 velut
611 3965 733 4043 signum
768 3956 842 4020 belli
873 3955 939 4021 luit.
983 3957 1110 4029 Flaccus

923 4072 956 4121 12
