2634 4434
650 340 724 409 326

583 440 791 450 ——....-..--—--

157 581 311 655 oportere‚
332 575 402 638 sine
423 573 536 654 quibus
558 573 741 654 Respublica
765 590 826 636 non
850 581 897 635 est
917 572 1118 654 Respublica3
1144 576 1216 638 ele·

156 676 240 757 gisse
263 692 298 739 ee
324 673 449 752 saltem,
476 682 511 738 ut
536 675 665 756 gloriam
693 675 753 738 sibi
780 675 819 737 de
845 675 1037 737 restituendo
1065 677 1097 736 in
1127 677 1215 737 inte-

156 793 244 856 gmm
268 775 475 856 augendoque
489 775 625 839 Romano
640 778 766 839 nomine
783 773 950 837 Gothorum
971 774 1090 838 viribus
1111 795 1214 856 quae-

157 883 256 952 reret,
289 875 516 957 habereturque
549 878 627 956 apud
662 885 800 957 posteros
828 875 982 938 Romanae
1010 877 1215 947 restitutionis

158 982 281 1054 auctor,
314 983 473 1056 postquam
504 994 573 1042 esse
601 995 662 1042 non
691 983 832 1058 potuerat
860 977 1041 1041 immutator.
1086 961 1133 1039 Ob
1155 976 1215 1038 hoc

156 1077 313 1141 abstinere
335 1096 352 1138 a
375 1075 469 1153 bello,
491 1077 531 1137 ob
555 1077 612 1140 hoo
635 1078 754 1140 inhiare
776 1077 844 1157 paci
861 1076 1025 1154 nitebatur,
1049 1079 1215 1158 praecipue

157 1177 308 1239 Placidiae
331 1177 436 1238 uxoris
458 1194 551 1255 suae,
579 1176 713 1240 feminae
742 1195 816 1239 sane
845 1178 971 1258 ingenio
993 1179 1161 1240 acerrimae
1184 1185 1216 1242 et

155 1277 319 1358 religionis
346 1279 420 1339 satis
449 1277 580 1358 probae,
614 1278 652 1340 ad
682 1279 782 1340 omnia
812 1278 960 1340 bonarum
989 1277 1214 1342 ordinationum

158 1395 251 1458 opera
274 1393 422 1457 persuasu
445 1385 476 1440 et
497 1379 626 1440 consilio
643 1386 840 1459 temperatus.
877 1378 1015 1457 Cumque
1031 1377 1131 1438 eidem
1149 1379 1216 1457 paci

157 1479 310 1559 petendae
339 1487 433 1558 atque
462 1479 638 1545 offerendae
671 1479 895 1545 studiosissime
928 1479 1101 1554 insisteret,
1134 1478 1215 1556 apud

157 1578 376 1655 Barcinonem,
408 1579 572 1659 Hispaniae
601 1580 725 1656 urbem,
759 1579 830 1642 dolo
863 1596 1006 1655 suorum,
1039 1585 1074 1642 ut
1106 1576 1215 1657 fertur,

158 1681 279 1744 occisus
307 1687 363 1744 est.
409 1681 479 1743 Post
508 1680 590 1743 bunc
619 1682 785 1772 segericus
811 1698 911 1744 roxa
945 1677 1052 1742 Gothis
1082 1687 1215 1757 oreatus,

158 1799 228 1843 cum
249 1780 355 1842 itidem
373 1781 493 1861 judicio
508 1781 567 1846 Dei
582 1783 621 1845 ad
636 1801 742 1863 pacem
763 1798 878 1861 pronus
900 1787 993 1855 osset,
1016 1778 1216 1844 nibilominus

159 1888 191 1944 et
205 1900 221 1942 a
237 1882 302 1946 suis
317 1879 500 1944 interiectus
520 1890 574 1946 est.
613 1881 734 1947 Deinde
750 1881 847 1944 Vallia
861 1875 1011 1945 successit
1026 1881 1058 1942 iu
1073 1876 1216 1960 regnum,

158 1982 197 2049 ad
225 1981 283 2045 boc
311 1981 430 2044 electus
455 2001 472 2047 a
502 1982 623 2059 Gothis,
652 1991 688 2045 ut
714 2001 818 2063 paoem
852 1981 1052 2062 infringeret:
1086 1980 1125 2043 ad
1158 1980 1217 2044 boo

158 2082 317 2146 ordinatus
338 2099 356 2143 a
379 2081 456 2158 Deo,
479 2090 514 2143 ut
535 2101 639 2162 pacem
664 2082 865 2146 confirmaret.
903 2081 960 2144 Hic
979 2082 1073 2162 igitur
1092 2081 1218 2144 territus

160 2181 428 2261 maximeJudicio
450 2182 524 2258 Dei,
559 2183 649 2261 quia,
682 2200 750 2246 cum
780 2199 888 2262 magna
917 2183 1077 2261 superiore
1105 2179 1219 2263 abhinc

158 2279 240 2344 anno
256 2281 423 2346 Gothorum
451 2299 558 2346 manus
581 2284 730 2348 instructa
751 2283 842 2344 armis
868 2283 1063 2362 navigiisque
1085 2281 1218 2346 transire

93 2461 98 2469 .
159 2385 190 2446 in
213 2381 348 2444 Africam
372 2383 546 2462 moliretur,
575 2386 607 2446 in
634 2383 797 2448 duodecim
825 2382 958 2444 millibus
982 2399 1125 2462 passuum
1150 2379 1217 2444 Go-

160 2480 247 2566 [586]
284 2484 381 2548 ditani
413 2482 485 2548 freti
520 2491 700 2565 tempestate
734 2492 890 2566 correpta,
928 2483 1094 2546 miserabili
1131 2484 1220 2546 exitu

157 2587 307 2666 perierat:
332 2602 450 2647 memor
471 2586 562 2648 etiam
590 2586 673 2649 illius
701 2593 844 2666 acceptae
873 2585 930 2658 sub
958 2584 1081 2649 Alarico
1110 2582 1219 2658 cladis,

158 2703 228 2748 cum
256 2687 287 2746 in
316 2685 449 2750 Siciliam
478 2681 569 2751 Gothi
592 2687 722 2750 transire
750 2688 851 2750 conati
884 2688 915 2748 in
944 2691 1111 2766 conspectu
1139 2699 1218 2750 ouo-

157 2774 225 2849 rum
250 2787 465 2852 miserabiliter
486 2787 598 2866 arrepti
623 2795 654 2850 et
677 2787 809 2852 demersi
831 2795 919 2862 sunt3
943 2805 1047 2868 pacem
1072 2785 1216 2869 optimam

160 2907 230 2951 cum
253 2888 389 2952 Honorio
416 2887 602 2968 Imperatore
630 2888 707 2952 datis
735 2888 909 2952 lectissimis
937 2886 1107 2951 obsidibus.
1126 2885 1217 2964 papi·

160 2991 215 3069 git.
260 2989 439 3064 Placidium,
472 2988 666 3066 imperatoris
700 3004 853 3065 sororem,
881 2986 1049 3050 honorifice
1076 2985 1157 3065 apud
1185 3000 1219 3044 se

160 3089 353 3168 honesteque
386 3085 518 3152 habitam
552 3086 639 3152 tratri
672 3089 814 3154 reddidit.
869 3088 1025 3150 Romanae
1060 3086 1220 3150 securitati

161 3188 331 3270 periculum
354 3206 443 3252 suum
467 3187 587 3266 obtudit,
610 3197 645 3250 ut
664 3191 825 3256 adversum
842 3197 979 3252 caeteras
995 3194 1115 3270 gentes,
1140 3203 1221 3267 quae

161 3309 217 3370 per
238 3289 398 3370 Hispanias
421 3289 648 3368 consedissent,
671 3290 730 3354 sibi
753 3297 903 3372 pugnaret
925 3298 956 3352 et
977 3289 1219 3378 Romanisuin-

162 3398 263 3456 cerer:
288 3392 428 3471 quamvis
450 3397 483 3456 et
505 3393 620 3456 caeleri
647 3391 832 3469 Alandrum,
860 3391 1064 3458 tardaturum
1094 3388 1219 3455 Suevo-

162 3511 295 3572 rumque
326 3509 433 3573 reges,
469 3491 579 3558 eodem
616 3491 776 3557 nobiscum
811 3492 921 3572 placito
954 3491 1075 3572 depacti
1108 3489 1220 3564 forent,

164 3593 341 3656 mundantes
370 3592 548 3672 imperatori
575 3592 728 3657 Honorio:
768 3594 812 3658 Tu
842 3612 910 3656 cum
942 3593 1084 3655 omnibus
1113 3607 1220 3671 pacem

162 3694 486 3780 habc,·omniumque
514 3692 636 3757 obsides
666 3695 786 3775 accipe:
816 3712 872 3756 nos
900 3693 989 3756 nobis
1016 3692 1220 3774 confligimus,

163 3795 252 3858 nobis
276 3797 420 3874 perimus,
443 3793 499 3860 tibi
521 3795 687 3861 vincimus:
714 3795 891 3856 immortalis
908 3813 982 3858 vero
999 3801 1147 3875 quaestus
1163 3793 1221 3858 crit

164 3894 363 3972 Reipublicae
386 3902 472 3972 tuae,
495 3896 522 3960 si
545 3896 669 3975 utrique
693 3913 862 3976 pereamus.
908 3897 984 3970 Quis
1007 3895 1083 3958 haec
1106 3895 1221 3958 credo-

164 4001 222 4068 ιιι,
245 3994 304 4060 nisi
325 4012 376 4058 res
399 3992 544 4060 docerct‘i
580 3995 687 4076 ltaque
709 4015 791 4060 nunc
812 3997 950 4075 quotidie
966 3996 1045 4076 apud
1061 3994 1224 4075 Hispanias
