2634 4434
559 318 629 387 231

487 417 697 427 ——tn-——n——u

52 551 217 631 niumque
239 556 586 631 superatoscomposita
607 554 749 634 pactione
765 554 889 615 dimisit.
925 554 959 615 ln
974 556 1122 619 ulteriore

51 668 140 712 vero
159 651 302 731 Hispania
325 653 400 714 duas
423 653 563 733 legiones
585 672 603 715 a
625 652 662 716 M.
685 654 822 715 Varrone
844 655 987 733 suscepit.
1026 656 1121 717 Simi-

52 751 135 812 liter
161 759 192 813 ct
215 752 309 814 duces
332 755 409 834 ejus,
433 754 492 815 hoo
515 760 577 814 est:
604 753 696 814 Curio
712 754 859 816 Catonem
875 753 980 815 Sicilia
995 755 1123 833 expulit,
1168 782 1175 800 ·

51 851 208 911 Valerius
232 852 346 913 Cottam
372 854 526 931 Sardinia,
555 854 748 916 Tuberonem
777 853 882 915 Africa
904 852 1001 914 Varus
1024 853 1124 931 ejecit

53 952 182 1011 Caesar
201 950 363 1013 Massiliam
386 955 526 1030 rediens,
553 954 715 1016 obsidione
737 955 898 1030 domitam,
920 954 982 1014 vita
1006 960 1122 1013 tantum

52 1059 87 1111 et
114 1051 264 1113 libertate
286 1070 443 1131 concessa,
467 1056 579 1115 ceteris
600 1054 695 1115 rebus
718 1054 837 1116 abrasit.
871 1052 912 1114 At
932 1070 1008 1115 vero
1024 1053 1123 1114 Dola·

50 1152 146 1213 bclla
169 1154 298 1231 partium
324 1154 477 1229 CaesariS,
505 1155 535 1212 in
564 1152 686 1232 lllyrico
712 1172 768 1233 per
789 1153 949 1214 Octavium
972 1160 1004 1213 et
1024 1152 1122 1213 Libo-

51 1269 133 1311 nem
160 1254 260 1313 victus
282 1253 442 1331 copiisque
465 1259 586 1330 exutuS,
609 1254 647 1314 ad
670 1254 838 1314 Antonium
861 1252 949 1333 sugit.
993 1252 1123 1313 basillus

52 1359 86 1411 et
106 1352 278 1413 Sallustius
294 1370 349 1429 per
369 1353 505 1433 singulas
528 1354 678 1434 legiones,
702 1354 814 1434 quibus
837 1360 1008 1433 praeerant,
1031 1353 1122 1414 simi·

48 1451 135 1513 liter
160 1457 191 1511 et
214 1450 381 1529 Antonius,
410 1453 591 1515 Hortensius
620 1472 745 1535 quoque
767 1455 805 1517 ab
828 1453 932 1515 intimo
954 1454 1030 1515 mari
1053 1470 1121 1513 cum

49 1550 166 1611 classe
196 1567 398 1629 concurrens,
429 1569 535 1615 omnes
569 1554 683 1632 pariter
714 1556 862 1617 adversus
896 1553 1056 1615 Octavium
1091 1559 1123 1613 et

50 1650 213 1710 Libonem
243 1651 371 1729 profecti
401 1659 433 1714 ct
462 1653 536 1712 victi
564 1660 643 1714 sunt.
686 1652 840 1715 Antonius
867 1672 936 1714 curn
967 1671 1001 1713 sc
1035 1647 1121 1732 [417]

53 1749 194 1811 Octavio
233 1770 302 1812 cum
341 1752 516 1831 quindecim
550 1752 727 1814 cohortibus
759 1752 911 1828 dedisset,
945 1768 1052 1812 omnes
1083 1751 1123 1811 ad

53 1851 241 1929 Pompeium
271 1870 288 1911 a
317 1851 435 1913 Libone
470 1852 593 1914 deducti
625 1860 706 1914 sunt.
754 1853 845 1914 Curio
879 1871 918 1913 ex
953 1852 1057 1914 Sicilia
1090 1852 1121 1911 in

56 1950 200 2011 Africam
229 1969 298 2011 oum
328 1954 467 2015 exercitu
496 1960 705 2035 transgressus
732 1961 794 2016 est:
830 1972 921 2034 quem
955 1952 1033 2013 luba
1065 1969 1122 2013 rex

56 2053 213 2112 continuo
245 2060 405 2131 exceptum
429 2073 497 2116 oum
521 2055 663 2116 omnibus
686 2056 783 2136 copiis
806 2056 977 2117 trucidavit.
1022 2053 1120 2114 Octa-

56 2153 134 2212 vius
159 2152 283 2213 Salonas
306 2171 482 2235 oppugnare
505 2163 632 2216 conatus
656 2174 763 2217 omnes
785 2174 883 2235 paene
907 2157 1020 2233 copias,
1045 2170 1120 2231 quas

56 2252 164 2327 duxit,
186 2254 292 2323 omisit.
328 2253 450 2315 Coelius
474 2255 604 2315 descivit
625 2274 641 2315 a
666 2255 807 2329 Caesare,
829 2272 865 2315 ac
887 2270 921 2315 se
937 2252 1043 2313 bliloni
1059 2270 1120 2313 ex-

55 2352 121 2413 suli
150 2353 261 2433 junxit.
307 2352 445 2431 Cumque
472 2354 561 2415 ambo
588 2371 749 2415 servornm
779 2371 871 2413 manu
899 2353 1030 2431 Capuam
1060 2370 1120 2431 op·

55 2470 204 2532 pugnare
228 2452 423 2526 molirentur,
450 2452 545 2512 occisi
572 2459 651 2513 sunt.
695 2452 824 2512 Bibulus
850 2452 930 2529 apud
959 2452 1121 2529 Corcyram

56 2553 183 2630 pudore
207 2553 318 2625 victus,
342 2551 423 2628 quod
440 2550 596 2610 custodiae
612 2550 690 2628 ejus,
713 2567 802 2628 quam
826 2549 934 2628 pelago
958 2556 989 2609 et
1011 2551 1121 2629 oppido

56 2650 302 2731 praetendebat,
331 2650 426 2711 hostis
449 2650 600 2726 illuserat,
624 2649 726 2710 inedia
748 2666 818 2711 sese
841 2649 1018 2730 vigiliisque
1041 2667 1120 2711 con-

59 2750 150 2815 fecit.
185 2750 303 2830 Appius
320 2750 463 2811 Claudius
480 2749 677 2826 CensorinuS,
701 2752 754 2830 qui
765 2752 855 2831 jussu
869 2750 1004 2829 Pompeii
1020 2749 1120 2812 Grac-

60 2857 144 2914 oiam
173 2850 332 2928 tuebatur,
365 2850 424 2929 jam
452 2849 594 2911 abolitam
621 2834 739 2931 Pythici
767 2850 882 2913 oraculi
911 2850 1002 2912 fidem
1025 2850 1122 2912 voluit

63 2954 215 3033 experiri:
241 2952 353 3031 quippe
376 2950 413 3012 ah
437 2969 474 3014 eo
497 2951 602 3013 adacta
624 2959 711 3015 vates
734 2952 923 3013 descendere
938 2954 971 3012 in
986 2969 1122 3034 specum,

62 3053 262 3131 respondisse
291 3050 389 3112 lertur
417 3052 456 3112 de
484 3049 565 3112 bello
595 3052 783 3113 consulenti:
819 3048 917 3116 Nt'he'l
935 3052 982 3116 ud
1004 3054 1037 3116 te
1057 3050 1122 3117 boc

65 3150 523 3233 Romoncbellumpertioct,
540 3148 999 3215 bluboececoeloobtinebic.
1029 3152 1122 3213 Coela

66 3261 170 3315 autem
193 3262 304 3315 vocant
325 3253 495 3314 Euboicum
524 3251 634 3312 sinum.
679 3250 722 3311 lta
750 3250 866 3329 Appius
892 3249 1038 3330 perplexa
1067 3251 1121 3311 iu-

69 3361 172 3415 certus
194 3362 275 3416 sorte
299 3354 447 3415 discessit.
485 3351 638 3412 Admonet
658 3366 715 3412 nos
734 3350 851 3430 aliquid
866 3350 1122 3413 obtrectatoribus

69 3454 181 3515 nostris
214 3454 371 3515 consultor
403 3454 462 3513 iste
496 3451 666 3514 consulere.
712 3451 890 3524 Queruntur
921 3452 1029 3532 utique
1062 3452 1121 3513 fide

4 3598 6 3605 .
72 3552 311 3614 Christianorum
334 3552 393 3613 sibi
420 3568 505 3612 sacra
533 3550 695 3612 interdicta
728 3554 981 3632 ceremoniasque
1011 3551 1120 3613 subla-

71 3658 115 3713 tas
139 3660 170 3713 et
192 3654 231 3713 ob
254 3654 312 3714 hoc
335 3652 476 3729 maxime,
500 3651 587 3730 quod·
605 3652 684 3713 extis
701 3652 916 3732 vaticiniisque
931 3647 1122 3712 cessantibus

72 3751 192 3814 suturae
215 3752 333 3830 clades,
363 3752 434 3831 quia
461 3752 534 3813 sciri
562 3759 736 3831 nequeunt,
765 3769 826 3812 non
855 3752 996 3810 vitantur.
1032 3743 1121 3820 [418]

74 3851 133 3913 Cur
167 3870 241 3933 ergo
274 3852 367 3933 longe
401 3858 471 3913 ante
505 3852 665 3931 imperium
700 3851 838 3912 Caesaris
870 3846 1122 3925 nativitatemque

75 3950 199 4031 Christi,
230 3953 309 4014 sicut
337 3953 471 4029 ipsorum
499 3957 640 4011 auctores
663 3950 868 4024 adtestantur,
889 3943 1001 4006 abolita
1024 3942 1123 4006 fuerat
