2634 4434
581 332 629 401 79

502 431 710 443 ——uu—

434 559 622 724 111111
675 581 777 692 111.
1038 517 1139 696 otor

95 814 231 884 11111111
258 816 492 886 Rornanorum
525 841 602 888 com
634 818 1108 905 0111111111111111111-

92 919 245 1002 plurium
279 921 448 988 malonem
483 938 603 990 sousa
663 923 760 990 later
795 923 864 987 olt'o
894 922 984 986 miro
1014 921 1108 985 ocris

93 1021 266 1104 lapidibus
285 1022 382 1104 plait.
422 1020 625 1090 Alexander
646 1024 803 1108 Mopntts
824 1023 990 1088 noscitur.
1026 1020 1108 1088 1111

243 1120 436 1190 Persarum
458 1118 619 1191 Jodoeoa
640 1127 794 1211 captivos
816 1119 961 1189 obducit.

155 1307 383 1370 Numerandum
408 1311 497 1371 etiam
522 1313 604 1373 inter
630 1313 707 1374 mala
738 1329 866 1389 censae,
894 1308 1023 1390 primum
1053 1307 1128 1370 illud

67 1407 165 1469 ictum
189 1425 259 1470 cum
282 1409 584 1492 Carthaginiensibus
607 1412 733 1489 foedus,
762 1413 843 1493 quod
871 1411 979 1473 iisdem
1002 1415 1127 1489 tempo-

65 1508 158 1569 ribus
186 1508 261 1581 fuit3
289 1513 467 1590 praesertim
495 1531 535 1574 cx
564 1531 625 1593 quo
648 1522 708 1574 tam
731 1515 836 1594 gravia
857 1519 921 1574 orta
944 1518 1015 1572 sunt
1036 1507 1126 1587 mala,

65 1614 100 1668 11
125 1609 202 1668 exin
225 1608 364 1688 coepisse
388 1609 556 1696 videantur.
592 1611 684 1672 Anno
706 1613 858 1692 siquidem
880 1611 918 1672 ab
940 1607 1022 1671 Urbe
1045 1623 1126 1670 con·

66 1707 130 1768 dita
157 1705 292 1770 000011.
314 1708 408 1790 legati
431 1727 447 1771 a
471 1709 654 1792 Carthagine
676 1711 801 1773 Romam
823 1711 908 1772 missi
936 1715 1023 1785 sunt,
1052 1707 1124 1769 loe-

66 1807 190 1887 dusque
219 1806 410 1890 pepigerunt.
456 1808 554 1883 Quem
577 1811 751 1892 ingressum
775 1808 1069 1892 Carthaginiensium
1093 1805 1126 1866 in
1180 1872 1188 1895 ὁ

64 1903 186 1968 ltaliam
223 1907 371 1968 malorum
412 1909 592 1990 grandinem
631 1917 805 1973 secuturam
848 1911 1125 1988 continuarumque
1178 1913 1186 1980 j

67 2007 260 2070 miseriarum
289 2007 432 2070 tenebras
459 2012 563 2091 juges,
592 2009 786 2072 historiarum
813 2009 889 2073 tides
923 2011 1124 2086 locorumque
1198 2000 1311 2048 ”Ψ

66 2107 193 2170 infamia
215 2115 247 2170 et
268 2108 454 2172 abominatio
476 2110 610 2188 dierum,
633 2111 745 2192 quibus
768 2128 805 2174 ea
826 2119 912 2194 gesta
935 2117 1023 2187 sunt,
1045 2123 1122 2188 pro-

65 2215 227 2272 testantur.
263 2209 350 2272 Tunc
372 2209 463 2272 etiam
486 2228 548 2271 nox
571 2229 671 2292 usque
694 2211 731 2274 ad
753 2212 913 2292 plurimam
930 2210 992 2272 diei
1006 2213 1123 2289 partem

65 2309 153 2371 tendi
185 2310 250 2372 visa
285 2315 346 2374 est:
382 2319 414 2374 et
439 2330 532 2374 saxea
561 2311 600 2374 de
628 2311 763 2374 nubibus
790 2309 907 2393 1111111
931 2307 1123 2373 descendens

65 2411 150 2471 veris
184 2415 295 2471 terram
328 2409 480 2491 lapidibus
512 2410 697 2474 verberavit.
742 2412 861 2484 Quibus
894 2411 1003 2471 diebus
1030 2410 1121 2470 etiam

66 2509 246 2572 Alexander
272 2510 416 2593 Magnus,
449 2528 578 2592 magnus
604 2528 680 2572 vere
707 2510 760 2571 ille
788 2525 903 2591 gurges
931 2508 1124 2568 miseriarum

66 2616 161 2689 atque
183 2612 391 2673 atrocissimus
417 2611 507 2673 turbo
536 2611 630 2673 totius
657 2609 793 2672 Orientis
821 2615 868 2672 est
896 2615 993 2670 natus.
1037 2604 1123 2668 Tunc
1237 2677 1239 2680 ¹

66 2711 159 2772 etiam
183 2709 303 2789 Ochus,
327 2711 380 2792 qui
403 2720 434 2774 et
454 2709 659 2789 Artaxerxes,
682 2715 750 2792 post
772 2715 956 2772 transactum
980 2709 1012 2771 11
1034 2703 1121 2790 [ton]

67 2810 209 2892 Aegypto
233 2813 396 2874 maximum
415 2813 656 2893 diuturnumque
672 2811 797 2887 bellum,
820 2810 967 2890 plurimos
981 2807 1121 2870 Judaeu-

66 2929 134 2972 rum
157 2914 190 2974 io
212 2913 510 2994 transmigrationem
533 2910 614 2994 egit,
642 2919 736 2992 atque
763 2912 795 2973 in
822 2907 975 2992 Hyrcania
996 2909 1034 2971 ad
1058 2907 1121 2970 Ca-

66 3014 165 3093 spium
190 3031 273 3076 mare
294 3010 432 3075 habitare
453 3015 624 3095 praecepitt
650 3025 727 3093 quos
749 3011 793 3074 lbi
815 3023 914 3093 nsque
937 3009 969 3074 11
990 3009 1121 3072 hodier-

67 3132 139 3175 num
164 3113 245 3175 diem
267 3111 461 3193 amplissimis
486 3115 612 3196 generis
638 3114 688 3174 sui
715 3111 913 3174 incrementis
940 3111 1121 3185 consistere,

67 3219 161 3293 atque
195 3213 307 3277 exinde
341 3215 527 3296 quandoque
560 3218 738 3295 erupturos,
776 3213 880 3292 opinio
914 3215 968 3274 est.
1003 3209 1121 3290 'Cujus

66 3315 160 3376 etiam
189 3314 263 3377 belli
285 3319 466 3395 tempestate
488 3319 701 3378 transcurrens
724 3319 756 3375 et
778 3309 922 3375 Sidonem
945 3309 1120 3390 opulentis-

66 3415 173 3476 simam
196 3415 358 3478 Phoenicis
387 3415 565 3496 provinciae
592 3411 700 3475 urbem
724 3411 856 3490 delevit,
880 3415 911 3474 11
932 3409 1119 3493 Aegyptum,

68 3517 207 3594 quamvis
229 3517 313 3596 prius
336 3517 451 3594 victus,
479 3522 553 3577 tunc
574 3522 676 3577 tamen
699 3513 854 3577 subactam
883 3515 1120 3577 comminutam·

69 3633 129 3696 que
152 3615 253 3695 ferro,
275 3617 433 3682 Persarum
457 3613 590 3698 subiecit
611 3617 747 3698 imperio.
991 3621 995 3631 '
