2634 4434
213 580 298 643 nam,
327 563 364 626 ab
388 581 498 626 occasu
521 563 666 644 Libyam,
689 582 705 624 a
728 563 939 644 septentrione
962 579 1046 624 mare
1067 560 1230 642 Nostrum,
1253 583 1269 626 a
1306 572 1307 649 ᾗ

214 666 341 728 meridie
365 673 508 742 mentem,
537 666 590 746 qui
613 664 783 745 appellatur
805 663 933 742 Ctimax,
956 670 988 727 et
1009 663 1184 747 Aegyptum
1209 682 1268 728 su-
1306 668 1307 751 j

212 767 376 846 perierem,
399 765 589 845 fluviumque
604 763 717 844 Nilum,
740 765 793 846 qui
816 765 855 828 de
878 766 968 836 titere
983 766 1160 846 incipientis
1176 767 1269 828 uraris
1306 758 1307 845 t

213 863 278 950 [ti]
291 866 386 929 Rubri
398 867 520 930 videtur
531 884 693 948 emergere
704 867 736 928 iu
749 866 828 944 ioco,
840 885 893 947 qur
885 866 1018 932 dicitur
1029 865 1183 948 Messyton
1196 885 1269 928 ern-

214 969 347 1048 perium:
372 968 484 1030 deinde
507 967 559 1030 diu
582 967 620 1030 ad
642 985 783 1032 occasuro
807 966 978 1072 profluens,
1006 967 1224 1047 faciensque'
1215 985 1268 1028 ιιι-
1306 972 1307 1037 t

213 1066 310 1132 sutum
328 1070 452 1131 neruiue
469 1068 626 1132 Meroen·
619 1087 650 1132 ιιι
674 1069 776 1132 medio
798 1069 863 1132 sui:
888 1064 1055 1131 novissime
1077 1067 1115 1130 ιι
1137 1074 1268 1148 septen·

215 1170 345 1233 trioneru
379 1169 528 1246 inflexus,
566 1171 757 1250 tempestivis
789 1177 898 1234 auctus
930 1169 1147 1246 incrementis,
1181 1168 1270 1249 ptana

214 1269 348 1354 Aegypti
371 1272 458 1354 rigat.
503 1270 590 1333 Hune
613 1271 710 1352 aliqui
738 1278 880 1334 auctores
901 1271 1031 1368 terunt,
1056 1271 1136 1333 haud
1163 1269 1270 1350 procui

215 1371 253 1434 ab
276 1371 400 1434 Atlante
423 1371 537 1436 habere
560 1371 687 1450 foetere,
711 1382 743 1435 et
764 1374 912 1436 continue
934 1365 1047 1435 arenis
1060 1373 1173 1453 mergi.
1198 1371 1270 1434 inde

215 1473 378 1553 ieterJecte
405 1472 494 1535 brevi
522 1475 635 1554 spatio,
664 1476 835 1538 vastissime
869 1474 937 1538 tacu
970 1473 1145 1550 exundare,
1177 1479 1307 1557 atque

215 1572 288 1637 hinc
311 1591 428 1637 oceano
451 1581 551 1654 tenus,
574 1576 725 1640 orientem
747 1592 856 1638 versus
878 1593 934 1656 por
948 1573 1129 1654 Aethiopica
1150 1573 1271 1636 deserta

215 1674 348 1756 prolabi,
382 1693 552 1758 rursusque
586 1677 733 1740 initorum
766 1678 806 1740 ad
837 1677 1007 1754 sinistram,
1034 1675 1073 1738 ad
1096 1675 1271 1756 Aegyptum

216 1777 416 1840 descendere.
472 1779 561 1852 Quod
595 1778 719 1859 quidem
753 1795 861 1840 rerum
894 1784 959 1854 cst,
996 1793 1065 1840 esse
1097 1773 1272 1858 hujusmodi

217 1877 343 1940 ssuvium
366 1895 526 1960 magnum,
557 1881 610 1960 qui
638 1878 691 1940 tati
720 1885 806 1956 ertu,
835 1877 950 1960 talique
978 1897 1070 1942 cursu
1096 1877 1152 1955 sit,
1179 1882 1212 1938 et
1239 1892 1273 1936 rc

218 1975 284 2061 [18]
301 1996 375 2040 vera
387 1966 489 2041 emnia
500 1978 560 2050 Niti
575 1986 707 2042 menstra
718 1980 843 2062 gignat3
867 1999 958 2061 quem
970 1981 1079 2060 utique
1091 1995 1186 2059 prope
1197 1975 1273 2038 fou·

218 2085 278 2141 tern
303 2078 422 2141 barbari
449 2081 528 2142 ltara
557 2082 730 2156 nominant,
757 2085 873 2146 caeteri
900 2101 975 2146 vero
1000 2080 1126 2145 accolae
1153 2075 1274 2140 Nuohut

218 2187 336 2243 vocant.
382 2179 443 2243 Sed
466 2181 515 2244 iric
538 2183 568 2244 in
592 2183 721 2265 regione
748 2184 866 2265 gentis,
895 2200 975 2265 quae
1002 2182 1098 2264 Libya
1121 2177 1275 2261 aegyptia

106 2343 112 2348 .
218 2289 360 2360 vocatur,
396 2283 476 2346 haud
504 2284 610 2364 procui
637 2283 676 2345 ab
704 2284 757 2347 itte
778 2285 891 2364 tiuvie,
914 2303 1005 2366 quarn
1028 2303 1046 2346 ιι
1069 2283 1160 2346 litere
1183 2279 1274 2342 rearis
1306 2328 1307 2377 ἢ

218 2381 313 2446 Rubri
337 2402 536 2466 prorumpere
565 2387 712 2464 diximus,
742 2387 892 2450 immenso
915 2387 982 2448 tacu
1005 2390 1152 2463 acceptus
1173 2381 1272 2444 absu·

220 2485 326 2548 mitur:
362 2485 425 2548 Nisi
454 2486 534 2550 terte
562 2487 685 2554 occuito
714 2495 816 2550 meatu
843 2489 874 2550 in
902 2486 1025 2550 atroam
1053 2486 1137 2566 ejus,
1161 2481 1216 2562 qui
1237 2478 1274 2542 ιι
1306 2476 1307 2549 ff

220 2588 341 2648 oriente
364 2587 535 2665 deseendit,
559 2595 685 2650 eructat.
724 2587 884 2670 Aegyptus
905 2588 1047 2668 superior
1070 2587 1105 2647 iu·
1124 2583 1275 2646 orientem

219 2682 283 2769 [ru]
307 2706 361 2768 per
377 2687 500 2768 tongum
513 2690 700 2767 extenditur,
712 2689 763 2752 cni
775 2687 1173 2767 estasepteutrieuesiuus
1185 2682 1270 2746 Ara·
1306 2682 1307 2723 i

220 2787 323 2867 bicus,
357 2808 373 2852 ι
409 2791 535 2854 meridie
563 2790 714 2853 Oceanus.
758 2788 832 2852 Nam
860 2788 898 2851 ab
925 2806 1038 2852 occasu
1060 2807 1101 2850 ex
1128 2783 1276 2848 interiere

220 2889 362 2972 Aegypto
386 2892 508 2972 incipit,
536 2893 573 2955 ad
603 2894 753 2954 orientem
776 2890 881 2953 Rubro
904 2891 978 2953 mari
1002 2889 1201 2963 terminatur,
1224 2882 1277 2946 ubi
1306 2970 1307 2977 ἵ

222 2998 294 3052 sunt
319 2999 429 3073 gentes
456 2993 707 3075 vigintiquatuor.
752 2992 790 3054 Et
812 2992 956 3074 quoniam
980 2989 1179 3054 meridianam
1202 3003 1275 3067 par·
1306 3068 1307 3075 ἵ

224 3099 283 3152 tem
307 3093 471 3156 universae
494 3094 586 3156 Asiae
609 3095 826 3174 descripsimus
833 3113 842 3170 ;
872 3100 1014 3172 superest
1040 3099 1074 3154 ut
1095 3089 1133 3152 ab
1156 3087 1277 3150 oriente
1306 3080 1307 3085 ’

222 3195 260 3256 ad
282 3197 521 3276 septentrionem
539 3213 617 3276 pars,
641 3213 722 3276 quae
737 3191 842 3273 restat,
865 3194 1054 3276 expediatur.
1086 3189 1176 3251 Mons
1191 3187 1275 3250 Gau-

223 3313 312 3358 casus
335 3298 416 3358 inter
439 3295 578 3374 Colchos,
603 3297 656 3377 qui
679 3303 751 3358 sunt
772 3314 866 3377 super
890 3285 1111 3357 Cirnmericum'
1129 3307 1225 3366 mare,
1246 3292 1279 3348 et

223 3399 305 3460 iuter
324 3397 470 3475 Albanos,
494 3399 547 3477 qui
569 3407 641 3462 sunt
663 3397 701 3461 ad
724 3417 807 3462 mare
830 3396 982 3478 Caspium,
1005 3393 1136 3476 primurn
1157 3386 1278 3453 attolli-

224 3506 289 3561 tur:
318 3500 406 3579 oujus
434 3499 558 3581 quidem
586 3517 686 3579 usque
715 3500 747 3561 in
770 3499 909 3561 ultimum
931 3497 1083 3559 orientem
1106 3508 1203 3554 unum
1227 3486 1279 3549 vi-

224 3602 315 3664 detur
332 3599 458 3681 jugum,
487 3599 543 3661 sed
566 3598 658 3660 muita
681 3605 754 3661 sunt
775 3599 914 3661 nominat
937 3604 969 3660 et
991 3595 1079 3660 mutti
1098 3593 1159 3656 troc
1180 3590 1280 3670 ipsum
1306 3618 1307 3621 π

221 3705 331 3785 jugum
354 3700 445 3764 Tauri
468 3700 579 3762 mentis
601 3699 686 3762 credi
708 3699 830 3761 vetunt:
861 3699 932 3780 quia
961 3715 996 3760 re
1022 3713 1096 3759 vera
1124 3690 1280 3756 Parotroa-
1306 3738 1307 3751 .

225 3810 303 3880 tras,
327 3819 413 3864 mens
436 3801 617 3880 Armeniae,
646 3800 879 3863 intentantem
903 3806 935 3861 et
957 3798 1126 3862 Caucasum
1150 3793 1281 3866 medius,

227 3901 408 3965 continuare
431 3902 561 3966 Taurum
585 3921 654 3964 cum
675 3900 811 3965 Caucaso
834 3905 972 4011 putatur:
996 3898 1051 3960 sed
1074 3897 1133 3959 troo
1154 3911 1219 3956 non
1242 3894 1282 3954 ita

228 4017 313 4080 esse,
336 4001 483 4066 disceruit
505 4000 617 4065 fluvius
638 3999 824 4081 Euphrates,
847 3998 916 4078 qui,
938 3997 1103 4061 deradice
1125 3996 1307 4077 Parehoa

1306 4126 1307 4143 ι

1306 4240 1308 4263 ι
