2634 4434
629 289 837 435 Q

206 577 277 625 sese
298 562 503 644 projecerunt.
541 559 601 633 Qui
622 574 698 619 vero
716 551 1012 636 praeoccupantibus
1026 551 1172 615 Romanis
1187 571 1257 632 per-

206 662 345 743 agendae
373 668 448 723 tuno
479 659 583 722 mortis
604 676 681 720 suae
702 656 820 737 copiam
842 670 905 715 non
927 652 1099 715 habuerant
1121 653 1258 733 captique

207 760 348 840 fuerant,
375 760 427 823 alii
449 759 549 837 lerro,
572 758 624 821 alii
646 757 829 837 suspendio,
852 754 905 816 alii
926 753 1079 835 abnegato
1102 753 1174 815 cibo
1195 770 1258 814 sese

206 868 459 925 consumserunt:
496 859 662 940 nullusque
694 858 820 919 omnino
848 854 900 917 vel
927 853 1073 934 parvulus
1101 852 1258 935 superfuit,

207 962 262 1041 qni
283 962 441 1025 servitutis
463 960 671 1023 conditionem
695 958 777 1020 vitae
799 970 904 1019 amore
926 954 1079 1017 toleraret.
1304 901 1313 1188 Ι

209 1244 296 1331 [aar]
564 1211 760 1345 bapti
810 1206 904 1316 xl.

146 1482 149 1485 .
262 1414 319 1481 De
340 1415 424 1482 bello
446 1412 679 1499 dtrptrrthino,
701 1416 738 1480 in
760 1433 826 1500 quo
848 1412 997 1481 Romani
1017 1414 1114 1480 corte
1135 1434 1212 1482 cum

348 1514 527 1600 toparcha
553 1535 635 1603 rupe
655 1513 889 1583 Numidarum
912 1519 1125 1601 pugnarunt.

293 1671 385 1735 Anno
408 1671 446 1733 ab
462 1672 543 1734 Urbe
565 1673 688 1737 condita
708 1671 893 1735 DGXXXlX.
937 1672 967 1733 P.
992 1670 1136 1751 Scipione
1158 1668 1257 1732 Nasica

210 1779 242 1836 et
265 1772 298 1835 t.
328 1773 491 1853 Calpurnio
518 1774 619 1836 Bestia
647 1773 842 1851 consulibus,
870 1771 1040 1853 iugurthae
1067 1770 1258 1832 Numidarum

210 1874 278 1953 regi
301 1873 416 1934 bellum
439 1891 593 1936 consensu
615 1874 719 1955 populi
742 1872 869 1934 Romani
892 1881 1017 1934 senatus
1040 1871 1160 1933 indixit.
1206 1870 1260 1935 Sed

211 1989 270 2053 ego
294 1972 332 2035 de
353 1972 503 2055 iugurtha
526 1975 642 2038 ordinis
665 1983 781 2037 tantum
804 1974 873 2034 loco
896 1980 928 2035 et
954 1990 1046 2035 cansa
1074 1988 1260 2033 commemo-

210 2072 337 2141 rationis
370 2072 506 2136 breviter
533 2076 782 2155 perstrinxerim,
816 2073 888 2153 quia
922 2080 957 2134 ut
989 2073 1028 2135 dc
1062 2080 1172 2134 natura
1200 2072 1261 2152 ejus

211 2173 295 2235 varia
318 2180 411 2254 atque
433 2175 630 2258 intolerabili,
653 2179 694 2238 ita
717 2182 749 2237 et
770 2175 809 2237 de
830 2174 925 2236 robus
947 2181 1007 2235 tam
1030 2172 1148 2250 dolose,
1177 2190 1261 2252 quam

209 2279 337 2335 strenue
358 2275 454 2355 gestis
476 2283 600 2356 propter
620 2278 750 2357 opimam
773 2275 955 2355 scriptorum
977 2273 1179 2335 luculentiam
1196 2272 1262 2334 satis

211 2370 369 2435 sulliciens
391 2376 471 2455 apud
494 2394 600 2440 omnes
621 2378 728 2440 notitia
745 2383 799 2439 est.
835 2374 932 2457 Igitur
945 2373 1107 2455 iugurtha,
1122 2373 1263 2453 Micipsae

210 2470 409 2537 Numidarum
432 2477 516 2558 regis
537 2477 715 2558 adoptivus,
744 2478 898 2556 heresque
920 2476 1002 2536 inter
1023 2472 1180 2535 naturales
1203 2476 1264 2553 ejus

212 2571 291 2635 lilios
320 2574 434 2654 lactus,
462 2579 592 2658 primum
620 2579 791 2641 coheredes
817 2593 905 2653 suos,
934 2577 964 2637 id
992 2582 1039 2637 est
1063 2574 1264 2655 Hiempsalem

212 2673 340 2751 occidit,
370 2674 575 2739 Adherbalem
598 2678 681 2741 bello
703 2680 817 2741 victum
839 2675 944 2738 Africa
967 2675 1093 2756 expulit.
1136 2674 1262 2755 Calpur-

213 2771 298 2834 nium
321 2774 433 2838 deinde
456 2777 614 2839 consulem
637 2779 799 2841 adversum
822 2795 857 2840 su
879 2778 1016 2854 missum,
1039 2777 1172 2856 pecunia
1195 2792 1262 2837 cor-

213 2875 306 2951 rupit,
329 2882 422 2955 atque
438 2877 475 2938 ad
491 2879 681 2957 turpissimas
697 2878 890 2941 conditiones
904 2879 988 2959 pacis
1003 2877 1139 2939 adduxit.
1173 2877 1263 2938 Prae-

213 2977 298 3035 terea
322 2992 390 3037 cum
413 2976 537 3039 Romam
561 2978 626 3057 ipse
647 2980 796 3055 venisset,
819 2979 961 3042 omnibus
980 2979 1110 3058 pecunia
1125 2985 1181 3039 aut
1196 2994 1263 3040 cor-

213 3073 311 3151 ruptis
333 3082 386 3137 aut
407 3077 581 3165 adtentatis,
605 3078 774 3142 seditiones
789 3080 1061 3159 dissensionesque
1075 3079 1262 3159 permiscuit:

214 3188 305 3252 quam
322 3193 391 3237 cum
411 3179 623 3260 egrederetur,
646 3179 753 3242 infami
774 3181 848 3242 satis
870 3180 988 3241 notavit
1009 3178 1122 3261 elogio,
1146 3179 1262 3241 dicens:

216 3268 388 3341 Otrrbem
408 3278 563 3345 venalem
592 3283 628 3345 ct
651 3284 789 3345 mature
813 3280 1020 3362 penderem,
1048 3279 1081 3344 ai
1107 3282 1263 3345 amtorem

214 3371 403 3442 invenerat!
439 3380 617 3461 Insequenti
639 3399 721 3443 anno
743 3380 779 3442 A.
802 3380 999 3458 Postumium,
1021 3380 1168 3442 Postumii
1191 3398 1262 3442 con-

214 3472 291 3535 sulis
306 3473 442 3555 fratrem,
458 3498 549 3559 quem
565 3482 591 3543 is
607 3482 809 3563 quadraginta
827 3481 955 3543 millium
974 3488 1158 3542 armatorum
1174 3499 1263 3542 exer-

215 3575 290 3637 citui
305 3572 506 3658 praefecerat,
526 3582 606 3663 apud
623 3582 773 3644 calamam
790 3583 898 3644 urbem
914 3582 1065 3644 thesauris
1079 3582 1176 3661 regiis
1190 3597 1264 3642 con·
1305 3599 1306 3606 ¹

217 3672 307 3759 [322]
332 3679 402 3743 ditis
424 3681 592 3744 inhiantem
618 3682 701 3745 bello
728 3683 894 3762 oppressit:
924 3683 1038 3762 cuique
1065 3680 1148 3743 victo
1176 3682 1264 3763 igno-

217 3779 465 3843 miniosissimnm
489 3780 598 3845 foedus
629 3783 749 3863 exegit,
778 3782 953 3843 universam
975 3800 1075 3862 paene
1096 3779 1230 3844 Africam
1251 3798 1266 3840 a

214 3873 358 3940 Romanis
380 3881 573 3944 deiicientem
595 3898 694 3961 regno
715 3898 773 3943 suo
790 3882 904 3963 junxit.
946 3883 1054 3944 Postea
1077 3888 1181 3945 minen
1203 3879 1265 3942 lle·
1304 3911 1305 3960 p

217 3974 282 4035 tulli
312 3980 447 4041 consulis
479 3980 655 4061 integritate
688 3989 720 4045 et
752 3982 912 4064 disciplina
944 3982 1116 4058 coercitus,
1152 3980 1266 4045 duobus
1304 3973 1305 4024 l
