2634 4434
551 321 622 392 aar
734 408 736 417 s

212 606 216 614 ·
277 479 281 488 Ι
379 572 573 710 ttapui
622 568 804 679 lllllll.

64 789 210 858 Cattabo
230 793 347 876 papati
363 790 545 858 israelitici
560 797 595 857 et
607 788 811 870 Christiani,
827 788 1026 876 Aegyptiaci
1039 792 1119 858 itam

26 987 30 992 ‚
63 897 100 960 et
115 889 281 977 Romaai3
303 897 470 978 mameae
490 895 539 960 itti
558 915 624 978 pro
641 894 716 961 Deo
738 896 776 959 ia
797 893 1062 982 afflictionibus,
1084 892 1120 957 bi

204 1013 227 1059 a
247 991 325 1060 Deo
346 995 383 1061 ia
402 997 513 1078 plagis
532 997 660 1065 „simite
676 997 753 1079 fere
771 996 870 1076 paesi
891 997 984 1060 caat.

152 1163 187 1224 lu
216 1163 313 1242 primo
340 1161 447 1223 libello
473 1163 644 1241 expositam
674 1181 695 1223 a
728 1163 817 1224 nobis
849 1170 911 1239 est,
945 1162 1120 1244 Pompeium

63 1267 219 1345 Trogum,
242 1269 275 1324 et
297 1261 471 1342 Corpelium
494 1262 629 1324 l'acitum
652 1279 922 1354 commemorasse,
945 1281 1007 1324 non
1029 1264 1121 1344 plene

61 1365 213 1446 quidem,
240 1354 375 1423 nostrum
403 1380 476 1425 vero
503 1353 765 1444 lloysea','ctiam
789 1366 922 1443 ipsoram
946 1365 1122 1426 testimonio

60 1464 203 1539 fidelem,
225 1461 357 1523 fideliter
369 1462 621 1544 sufficienterque
636 1466 762 1542 dixisse,
785 1465 954 1546 Aegyptios
969 1473 1001 1527 et
1015 1481 1121 1546 regem

64 1582 195 1646 eorum,
228 1580 297 1624 cum
330 1563 473 1641 populum
507 1565 565 1628 Dei
597 1567 715 1627 servire
747 1567 897 1627 intentum
926 1574 957 1627 et
985 1573 1123 1646 paratum

64 1667 136 1726 Deo
151 1680 219 1739 suo,
242 1663 455 1741 impediendae
478 1665 651 1726 devotionis
673 1667 829 1742 instincta,
853 1665 891 1726 ad
912 1665 1008 1727 lutum
1032 1666 1122 1745 pale-

66 1781 167 1844 asque
186 1771 378 1844 revocarent,
401 1764 508 1828 decem
531 1765 736 1828 acerbissimis
757 1767 854 1847 plagis
875 1765 971 1828 luisse
986 1774 1123 1828 vexatos.

67 1865 192 1927 Deinde
218 1864 366 1925 violentia
393 1865 540 1927 malorum
569 1867 736 1944 edomitos,
768 1884 830 1928 non
847 1850 954 1929 'solum
983 1867 1125 1946 coegisse

68 1964 285 2042 festinantem,
317 1965 373 2027 sed
402 1966 496 2032 ¹etiam
529 1968 659 2046 propriis
692 1969 755 2029 suis
782 1969 937 2049 argenteis
965 1975 996 2029 et
1022 1968 1125 2029 aureis
1225 2017 1227 2022 ,

71 2066 154 2127 vasis
176 2065 431 2128 accumulavisse·
471 2066 555 2146 Post,
585 2069 696 2130 oblitos
718 2067 825 2148 plagae
847 2085 922 2129 suae
945 2076 975 2130 et
998 2068 1125 2146 cupidos

70 2165 205 2246 praedae
234 2164 405 2242 indebitae,
438 2166 558 2228 invidos
585 2170 676 2228 ctiam
703 2167 863 2246 religionis
891 2167 1025 2242 alienae,
1054 2166 1126 2226 dum

71 2269 257 2327 innocentes
279 2265 368 2327 avide
390 2272 628 2344 persequuntur,
651 2266 727 2326 mari
742 2264 845 2324 Rubra
865 2264 971 2326 ultime
987 2271 1127 2344 receptos

72 2383 183 2428 omnes
206 2365 343 2426 funditus
366 2366 529 2426 interiisse.
573 2365 662 2437 Quod
686 2381 744 2444 ego
767 2382 849 2425 nunc
877 2363 980 2425 refero
1007 2383 1043 2426 ac
1070 2381 1127 2422 re·
1220 2393 1222 2396 ·

71 2443 220 2542 nuncio,
235 2465 292 2524 etsi
318 2461 398 2523 torte
420 2463 480 2526 lide
502 2481 565 2524 non
586 2469 792 2541 acceptatum,
820 2464 906 2524 exitu
927 2471 1027 2524 tamen
1052 2480 1128 2542 pro-

70 2566 226 2639 bandum,
256 2563 328 2640 quia
350 2561 426 2625 baec
447 2563 481 2622 in
502 2561 629 2642 figuram
651 2561 748 2622 nostri
771 2560 849 2623 lacta
870 2569 949 2626 sunt.
993 2563 1130 2642 Uterque

72 2663 208 2747 populus
230 2661 323 2722 unius
344 2660 403 2721 Dei
425 2669 486 2738 est,
513 2679 574 2723 una
601 2661 706 2742 papuli
734 2663 894 2742 utriusque
917 2681 1015 2726 causa.
1039 2659 1129 2737 [533]

76 2762 207 2829 Subdita
234 2759 294 2820 fuit
319 2759 524 2824 Israelitarum
550 2779 708 2844 synagoga
735 2761 910 2844 Aegyptiis,
938 2763 1058 2826 subdita
1081 2771 1131 2826 est

77 2864 321 2924 Christianorum
344 2861 475 2941 ecclesia
496 2861 649 2925 Romanis.
693 2863 849 2929 Persecuti
875 2869 949 2924 sunt
975 2864 1131 2945 Aegyptii,

77 2963 234 3044 persecuti
260 2967 333 3030 sunt
358 2969 391 3028 et
410 2960 547 3025 Romani.
590 2962 705 3024 Decem
727 2962 771 3024 ibi
791 2963 1049 3027 contradictiones
1070 2964 1131 3026 ad-

78 3079 189 3125 versus
210 3061 354 3140 Moysen,
376 3061 427 3123 bic
447 3062 678 3126 decemedicta
700 3063 847 3125 aduersus
870 3063 1030 3126 Christum.
1074 3065 1132 3126 ot-

79 3181 190 3224 versae
219 3161 262 3222 ibi
291 3160 397 3242 plagae
424 3155 673 3244 Aegyptiorum,
697 3161 837 3224 diuersae
864 3161 914 3224 bic
947 3155 1133 3224 calamitates

80 3263 293 3324 Romanorum.
330 3261 405 3323 Nam
427 3269 462 3322 ut
481 3262 575 3322 etiam
597 3263 677 3340 ipsas
700 3263 829 3324 iuter-se
845 3263 958 3344 plagas,
977 3265 1012 3324 in
1029 3279 1132 3342 quan-

81 3372 146 3424 tum
170 3369 270 3423 tamen
294 3359 389 3442 ligura
413 3360 718 3440 sormaecomparari
744 3368 861 3440 potest,
887 3361 1061 3424 conseram:
1091 3363 1134 3426 ibi

82 3462 179 3542 prima
207 3461 319 3528 babuit·
342 3462 493 3542 correptio
519 3462 701 3542 sanguinem
730 3459 824 3540 vulgo
852 3461 903 3522 vel
930 3481 1068 3524 manasse
1096 3463 1134 3523 de

83 3563 195 3640 puteis,
217 3561 268 3622 vel
291 3562 322 3622 in
344 3559 520 3622 fluminibus
542 3562 731 3624 cucurrisse:
753 3559 802 3624 hia
824 3563 919 3640 prima
941 3561 1136 3622 subNerone
1251 3588 1253 3596 v

64 3663 190 3740 'eregit
212 3661 310 3741 plaga,
333 3667 367 3722 ut
389 3660 504 3739 ubique
520 3662 714 3722 morientium
729 3663 853 3742 sangnis
868 3666 961 3735 esset,
983 3659 1033 3720 vel
1050 3675 1135 3719 mor-

85 3761 192 3823 bisin
219 3761 504 3841 Urbe-corruptus,
537 3760 587 3821 uel
616 3761 706 3824 bellis
733 3762 764 3822 in
792 3757 1047 3850 prbeprolusus.
1091 3756 1137 3818 lbi

86 3876 221 3938 sequens
253 3862 341 3942 plaga
374 3861 521 3939 prodidit,
555 3867 782 3940 perstrepentes
810 3855 1075 3937 persultantesque
1105 3857 1138 3916 in
1249 3917 1254 3924 ,

87 3960 296 4038 penetralibus
318 3978 424 4035 ranas,
451 3959 574 4022 mediae
594 3957 815 4038 propemodum
838 3971 959 4018 causam
982 3954 1137 4018 habitato-
