<?xml version="1.0" encoding="UTF-8"?>
<!DOCTYPE html PUBLIC "-//W3C//DTD XHTML 1.0 Transitional//EN"
    "http://www.w3.org/TR/xhtml1/DTD/xhtml1-transitional.dtd">
<html xmlns="http://www.w3.org/1999/xhtml" xml:lang="en" lang="en">
 <head>
  <title>
</title>
<meta http-equiv="Content-Type" content="text/html;charset=utf-8" />
  <meta name='ocr-system' content='tesseract 3.04.00' />
  <meta name='ocr-capabilities' content='ocr_page ocr_carea ocr_par ocr_line ocrx_word'/>
</head>
<body>
  <div class='ocr_page' id='page_1' title='image "./pauliorosiipres00havegoog_0137.png"; bbox 0 0 2634 4434; ppageno 0'>
   <div class='ocr_carea' id='block_1_1' title="bbox 702 285 774 357">
    <p class='ocr_par' dir='ltr' id='par_1_1' title="bbox 702 285 774 357">
     <span class='ocr_line' id='line_1_1' title="bbox 702 285 774 357; baseline 0.028 -2"><span class='ocrx_word' id='word_1_1' title='bbox 702 285 774 357; x_wconf 82' lang='lat'><strong>130</strong></span> 
     </span>
    </p>
   </div>
   <div class='ocr_carea' id='block_1_2' title="bbox 201 516 1249 1108">
    <p class='ocr_par' dir='ltr' id='par_1_2' title="bbox 201 516 1249 1108">
     <span class='ocr_line' id='line_1_2' title="bbox 201 516 1246 603; baseline -0.003 -14"><span class='ocrx_word' id='word_1_2' title='bbox 201 525 345 590; x_wconf 86' lang='lat' dir='ltr'><strong>&#39;ditiones</strong></span> <span class='ocrx_word' id='word_1_3' title='bbox 369 530 472 587; x_wconf 87' lang='lat' dir='ltr'><strong>eutem</strong></span> <span class='ocrx_word' id='word_1_4' title='bbox 502 516 608 586; x_wconf 68' lang='lat' dir='ltr'><strong>oranti</strong></span> <span class='ocrx_word' id='word_1_5' title='bbox 641 529 677 585; x_wconf 85' lang='lat' dir='ltr'><strong>ut</strong></span> <span class='ocrx_word' id='word_1_6' title='bbox 698 521 804 586; x_wconf 84' lang='lat' dir='ltr'><strong>Sicilia</strong></span> <span class='ocrx_word' id='word_1_7' title='bbox 829 521 1033 603; x_wconf 78' lang='lat' dir='ltr'>Sardiniaque</span> <span class='ocrx_word' id='word_1_8' title='bbox 1066 523 1246 601; x_wconf 84' lang='lat' dir='ltr'><strong>decederent,</strong></span> 
     </span>
     <span class='ocr_line' id='line_1_3' title="bbox 209 623 1246 708; baseline -0.003 -19"><span class='ocrx_word' id='word_1_9' title='bbox 209 642 328 708; x_wconf 85' lang='lat' dir='ltr'><strong>proque</strong></span> <span class='ocrx_word' id='word_1_10' title='bbox 349 623 497 706; x_wconf 86' lang='lat' dir='ltr'><strong>impensis</strong></span> <span class='ocrx_word' id='word_1_11' title='bbox 518 623 638 686; x_wconf 78' lang='lat' dir='ltr'><strong>bellicis</strong></span> <span class='ocrx_word' id='word_1_12' title='bbox 660 626 730 706; x_wconf 88' lang='lat' dir='ltr'><strong>puri</strong></span> <span class='ocrx_word' id='word_1_13' title='bbox 762 625 883 706; x_wconf 84' lang='lat' dir='ltr'><strong>argenti</strong></span> <span class='ocrx_word' id='word_1_14' title='bbox 906 623 1059 686; x_wconf 85' lang='lat' dir='ltr'><strong>triamillie</strong></span> <span class='ocrx_word' id='word_1_15' title='bbox 1081 623 1246 686; x_wconf 85' lang='lat' dir='ltr'><strong>talentorum</strong></span> 
     </span>
     <span class='ocr_line' id='line_1_4' title="bbox 209 723 1248 810; baseline -0.003 -21"><span class='ocrx_word' id='word_1_16' title='bbox 209 723 297 810; x_wconf 75' lang='lat'>[244]</span> <span class='ocrx_word' id='word_1_17' title='bbox 330 725 553 803; x_wconf 87' lang='lat' dir='ltr'><strong>Euboicorum,</strong></span> <span class='ocrx_word' id='word_1_18' title='bbox 585 723 694 806; x_wconf 84' lang='lat' dir='ltr'><strong>aequis</strong></span> <span class='ocrx_word' id='word_1_19' title='bbox 719 723 921 804; x_wconf 78' lang='lat' dir='ltr'><strong>pensionibus</strong></span> <span class='ocrx_word' id='word_1_20' title='bbox 947 741 1004 804; x_wconf 89' lang='lat' dir='ltr'><strong>per</strong></span> <span class='ocrx_word' id='word_1_21' title='bbox 1029 741 1127 788; x_wconf 89' lang='lat' dir='ltr'><strong>annos</strong></span> <span class='ocrx_word' id='word_1_22' title='bbox 1154 725 1248 807; x_wconf 85' lang='lat' dir='ltr'><strong>viginti</strong></span> 
     </span>
     <span class='ocr_line' id='line_1_5' title="bbox 209 824 1247 911; baseline -0.004 -21"><span class='ocrx_word' id='word_1_23' title='bbox 209 828 389 908; x_wconf 75' lang='lat' dir='ltr'><strong>penderent.</strong></span> <span class='ocrx_word' id='word_1_24' title='bbox 432 827 530 911; x_wconf 83' lang='lat' dir='ltr'><strong>llujus</strong></span> <span class='ocrx_word' id='word_1_25' title='bbox 555 827 641 907; x_wconf 87' lang='lat' dir='ltr'><strong>pacis</strong></span> <span class='ocrx_word' id='word_1_26' title='bbox 667 825 803 888; x_wconf 88' lang='lat' dir='ltr'><strong>conditio</strong></span> <span class='ocrx_word' id='word_1_27' title='bbox 835 831 884 888; x_wconf 90' lang='lat' dir='ltr'><strong>est</strong></span> <span class='ocrx_word' id='word_1_28' title='bbox 915 824 1018 887; x_wconf 87' lang='lat' dir='ltr'><strong>habita</strong></span> <span class='ocrx_word' id='word_1_29' title='bbox 1050 829 1119 904; x_wconf 90' lang='lat' dir='ltr'><strong>post</strong></span> <span class='ocrx_word' id='word_1_30' title='bbox 1151 841 1247 886; x_wconf 78' lang='lat' dir='ltr'><strong>annum</strong></span> 
     </span>
     <span class='ocr_line' id='line_1_6' title="bbox 209 925 1249 1010; baseline -0.003 -21"><span class='ocrx_word' id='word_1_31' title='bbox 209 929 334 990; x_wconf 88' lang='lat' dir='ltr'><strong>tertium</strong></span> <span class='ocrx_word' id='word_1_32' title='bbox 359 935 394 990; x_wconf 87' lang='lat' dir='ltr'><strong>et</strong></span> <span class='ocrx_word' id='word_1_33' title='bbox 420 929 619 1010; x_wconf 88' lang='lat' dir='ltr'><strong>vigesimum,</strong></span> <span class='ocrx_word' id='word_1_34' title='bbox 648 943 694 990; x_wconf 83' lang='lat' dir='ltr'><strong>ex</strong></span> <span class='ocrx_word' id='word_1_35' title='bbox 720 943 783 1007; x_wconf 88' lang='lat' dir='ltr'><strong>quo</strong></span> <span class='ocrx_word' id='word_1_36' title='bbox 808 925 926 988; x_wconf 91' lang='lat' dir='ltr'><strong>bellum</strong></span> <span class='ocrx_word' id='word_1_37' title='bbox 953 925 1101 1000; x_wconf 88' lang='lat' dir='ltr'><strong>Punicum</strong></span> <span class='ocrx_word' id='word_1_38' title='bbox 1133 925 1249 1010; x_wconf 84' lang='lat' dir='ltr'><strong>primun</strong></span> 
     </span>
     <span class='ocr_line' id='line_1_7' title="bbox 209 1026 1249 1108; baseline -0.004 -18"><span class='ocrx_word' id='word_1_39' title='bbox 209 1026 311 1091; x_wconf 83' lang='lat' dir='ltr'><strong>iuerat</strong></span> <span class='ocrx_word' id='word_1_40' title='bbox 340 1027 526 1091; x_wconf 78' lang='lat' dir='ltr'><strong>inchoatum.</strong></span> <span class='ocrx_word' id='word_1_41' title='bbox 582 1029 669 1106; x_wconf 79' lang='lat' dir='ltr'><strong>Quis,</strong></span> <span class='ocrx_word' id='word_1_42' title='bbox 703 1043 795 1108; x_wconf 88' lang='lat' dir='ltr'><strong>rogo,</strong></span> <span class='ocrx_word' id='word_1_43' title='bbox 828 1027 956 1089; x_wconf 88' lang='lat' dir='ltr'><strong>duarum</strong></span> <span class='ocrx_word' id='word_1_44' title='bbox 978 1027 1137 1088; x_wconf 86' lang='lat' dir='ltr'><strong>civitatum</strong></span> <span class='ocrx_word' id='word_1_45' title='bbox 1169 1043 1249 1088; x_wconf 91' lang='lat' dir='ltr'><strong>unum</strong></span> 
     </span>
    </p>
   </div>
   <div class='ocr_carea' id='block_1_3' title="bbox 87 1119 1251 1212">
    <p class='ocr_par' dir='ltr' id='par_1_3' title="bbox 87 1119 1251 1212">
     <span class='ocr_line' id='line_1_8' title="bbox 87 1119 1251 1212; baseline -0.002 -22"><span class='ocrx_word' id='word_1_46' title='bbox 87 1123 93 1136; x_wconf 82' lang='grc'><strong><em>’</em></strong></span> <span class='ocrx_word' id='word_1_47' title='bbox 210 1127 325 1191; x_wconf 87' lang='lat' dir='ltr'><strong>bellurn</strong></span> <span class='ocrx_word' id='word_1_48' title='bbox 345 1147 403 1211; x_wconf 88' lang='lat' dir='ltr'><strong>per</strong></span> <span class='ocrx_word' id='word_1_49' title='bbox 422 1129 646 1212; x_wconf 87' lang='lat' dir='ltr'><strong>annosviginti</strong></span> <span class='ocrx_word' id='word_1_50' title='bbox 669 1135 731 1190; x_wconf 88' lang='lat' dir='ltr'><strong>tres</strong></span> <span class='ocrx_word' id='word_1_51' title='bbox 753 1119 875 1209; x_wconf 86' lang='lat' dir='ltr'><strong>gestum</strong></span> <span class='ocrx_word' id='word_1_52' title='bbox 897 1125 989 1190; x_wconf 82' lang='lat' dir='ltr'><strong>lando</strong></span> <span class='ocrx_word' id='word_1_53' title='bbox 1011 1126 1167 1208; x_wconf 72' lang='lat' dir='ltr'><strong>explicet?</strong></span> <span class='ocrx_word' id='word_1_54' title='bbox 1189 1131 1251 1207; x_wconf 88' lang='lat' dir='ltr'><strong>quet</strong></span> 
     </span>
    </p>
   </div>
   <div class='ocr_carea' id='block_1_4' title="bbox 210 1226 1251 1313">
    <p class='ocr_par' dir='ltr' id='par_1_4' title="bbox 210 1226 1251 1313">
     <span class='ocr_line' id='line_1_9' title="bbox 210 1226 1251 1313; baseline -0.004 -23"><span class='ocrx_word' id='word_1_55' title='bbox 210 1247 301 1310; x_wconf 87' lang='lat' dir='ltr'><strong>reges</strong></span> <span class='ocrx_word' id='word_1_56' title='bbox 325 1230 637 1313; x_wconf 71' lang='lat' dir='ltr'><strong>Carthaginiensium,</strong></span> <span class='ocrx_word' id='word_1_57' title='bbox 667 1235 743 1308; x_wconf 86' lang='lat' dir='ltr'><strong>quot</strong></span> <span class='ocrx_word' id='word_1_58' title='bbox 769 1227 913 1290; x_wconf 87' lang='lat' dir='ltr'><strong>consules</strong></span> <span class='ocrx_word' id='word_1_59' title='bbox 941 1226 1163 1306; x_wconf 82' lang='lat' dir='ltr'><strong>Romanorum,</strong></span> <span class='ocrx_word' id='word_1_60' title='bbox 1188 1231 1251 1308; x_wconf 89' lang='lat' dir='ltr'><strong>quot</strong></span> 
     </span>
    </p>
   </div>
   <div class='ocr_carea' id='block_1_5' title="bbox 96 1327 1298 1411">
    <p class='ocr_par' dir='ltr' id='par_1_5' title="bbox 96 1327 1298 1411">
     <span class='ocr_line' id='line_1_10' title="bbox 96 1327 1298 1411; baseline -0.003 -20"><span class='ocrx_word' id='word_1_61' title='bbox 96 1394 100 1401; x_wconf 14' lang='grc' dir='ltr'><strong>Χ</strong></span> <span class='ocrx_word' id='word_1_62' title='bbox 210 1331 331 1411; x_wconf 85' lang='lat' dir='ltr'><strong>agmina</strong></span> <span class='ocrx_word' id='word_1_63' title='bbox 353 1332 558 1408; x_wconf 79' lang='lat' dir='ltr'><strong>exerciturm,</strong></span> <span class='ocrx_word' id='word_1_64' title='bbox 581 1335 729 1410; x_wconf 85' lang='lat' dir='ltr'><strong>quantum</strong></span> <span class='ocrx_word' id='word_1_65' title='bbox 749 1345 910 1390; x_wconf 91' lang='lat' dir='ltr'><strong>numerum</strong></span> <span class='ocrx_word' id='word_1_66' title='bbox 926 1327 1049 1390; x_wconf 88' lang='lat' dir='ltr'><strong>navium</strong></span> <span class='ocrx_word' id='word_1_67' title='bbox 1066 1327 1251 1404; x_wconf 69' lang='lat' dir='ltr'><strong>contraxerit,</strong></span> <span class='ocrx_word' id='word_1_68' title='bbox 1297 1343 1298 1355; x_wconf 57' lang='lat'>¹</span> 
     </span>
    </p>
   </div>
   <div class='ocr_carea' id='block_1_6' title="bbox 207 1427 1301 3421">
    <p class='ocr_par' dir='ltr' id='par_1_6' title="bbox 207 1427 1301 3421">
     <span class='ocr_line' id='line_1_11' title="bbox 209 1427 1252 1512; baseline -0.003 -22"><span class='ocrx_word' id='word_1_69' title='bbox 209 1429 388 1510; x_wconf 79' lang='lat' dir='ltr'><strong>profligarit,</strong></span> <span class='ocrx_word' id='word_1_70' title='bbox 411 1431 618 1512; x_wconf 79' lang='lat' dir='ltr'><strong>oppresserit?</strong></span> <span class='ocrx_word' id='word_1_71' title='bbox 646 1437 678 1492; x_wconf 92' lang='lat' dir='ltr'><strong>et</strong></span> <span class='ocrx_word' id='word_1_72' title='bbox 699 1437 764 1493; x_wconf 83' lang='lat' dir='ltr'><strong>tum</strong></span> <span class='ocrx_word' id='word_1_73' title='bbox 790 1429 926 1507; x_wconf 89' lang='lat' dir='ltr'><strong>demum,</strong></span> <span class='ocrx_word' id='word_1_74' title='bbox 946 1429 974 1491; x_wconf 91' lang='lat' dir='ltr'><strong>si</strong></span> <span class='ocrx_word' id='word_1_75' title='bbox 1001 1427 1052 1490; x_wconf 92' lang='lat' dir='ltr'><strong>illa</strong></span> <span class='ocrx_word' id='word_1_76' title='bbox 1078 1427 1252 1511; x_wconf 87' lang='lat' dir='ltr'><strong>adplenum</strong></span> 
     </span>
     <span class='ocr_line' id='line_1_12' title="bbox 210 1526 1253 1612; baseline 0 -21"><span class='ocrx_word' id='word_1_77' title='bbox 210 1546 361 1610; x_wconf 84' lang='lat' dir='ltr'><strong>perpenso</strong></span> <span class='ocrx_word' id='word_1_78' title='bbox 388 1530 574 1611; x_wconf 78' lang='lat' dir='ltr'><strong>rideantur,</strong></span> <span class='ocrx_word' id='word_1_79' title='bbox 593 1531 635 1594; x_wconf 92' lang='lat' dir='ltr'><strong>de</strong></span> <span class='ocrx_word' id='word_1_80' title='bbox 661 1531 876 1612; x_wconf 85' lang='lat' dir='ltr'><strong>praesentibus</strong></span> <span class='ocrx_word' id='word_1_81' title='bbox 900 1529 1064 1612; x_wconf 86' lang='lat' dir='ltr'><strong>judicetur.</strong></span> <span class='ocrx_word' id='word_1_82' title='bbox 1108 1527 1200 1592; x_wconf 87' lang='lat' dir='ltr'><strong>Anno</strong></span> <span class='ocrx_word' id='word_1_83' title='bbox 1223 1526 1253 1590; x_wconf 91' lang='lat' dir='ltr'><strong>ab</strong></span> 
     </span>
     <span class='ocr_line' id='line_1_13' title="bbox 210 1629 1253 1714; baseline -0.001 -22"><span class='ocrx_word' id='word_1_84' title='bbox 210 1629 292 1694; x_wconf 89' lang='lat' dir='ltr'><strong>Urbe</strong></span> <span class='ocrx_word' id='word_1_85' title='bbox 313 1631 435 1694; x_wconf 81' lang='lat' dir='ltr'><strong>condita</strong></span> <span class='ocrx_word' id='word_1_86' title='bbox 456 1631 548 1696; x_wconf 82' lang='lat' dir='ltr'><strong>Dl&#39;ll.</strong></span> <span class='ocrx_word' id='word_1_87' title='bbox 569 1635 732 1714; x_wconf 86' lang='lat' dir='ltr'><strong>repentina</strong></span> <span class='ocrx_word' id='word_1_88' title='bbox 752 1630 916 1710; x_wconf 78' lang='lat' dir='ltr'><strong>subversio</strong></span> <span class='ocrx_word' id='word_1_89' title='bbox 931 1630 1027 1711; x_wconf 88' lang='lat' dir='ltr'><strong>ipsius</strong></span> <span class='ocrx_word' id='word_1_90' title='bbox 1041 1629 1156 1693; x_wconf 88' lang='lat' dir='ltr'><strong>Romae</strong></span> <span class='ocrx_word' id='word_1_91' title='bbox 1171 1645 1253 1710; x_wconf 86' lang='lat' dir='ltr'><strong>pmc-</strong></span> 
     </span>
     <span class='ocr_line' id='line_1_14' title="bbox 209 1729 1255 1814; baseline -0.001 -21"><span class='ocrx_word' id='word_1_92' title='bbox 209 1732 496 1814; x_wconf 87' lang='lat' dir='ltr'><strong>venittriumpbum</strong></span> <span class='ocrx_word' id='word_1_93' title='bbox 511 1731 731 1796; x_wconf 78' lang='lat' dir='ltr'><strong>Romanorum:</strong></span> <span class='ocrx_word' id='word_1_94' title='bbox 753 1731 962 1814; x_wconf 81' lang='lat' dir='ltr'><strong>nequeenim</strong></span> <span class='ocrx_word' id='word_1_95' title='bbox 984 1737 1102 1794; x_wconf 87' lang='lat' dir='ltr'><strong>temere</strong></span> <span class='ocrx_word' id='word_1_96' title='bbox 1125 1729 1255 1805; x_wconf 79' lang='lat' dir='ltr'><strong>dixerim</strong></span> 
     </span>
     <span class='ocr_line' id='line_1_15' title="bbox 210 1831 1255 1912; baseline -0.003 -19"><span class='ocrx_word' id='word_1_97' title='bbox 210 1831 334 1912; x_wconf 84' lang='lat' dir='ltr'><strong>quando</strong></span> <span class='ocrx_word' id='word_1_98' title='bbox 360 1849 423 1894; x_wconf 90' lang='lat' dir='ltr'><strong>non</strong></span> <span class='ocrx_word' id='word_1_99' title='bbox 449 1833 501 1895; x_wconf 90' lang='lat' dir='ltr'><strong>vel</strong></span> <span class='ocrx_word' id='word_1_100' title='bbox 533 1835 683 1897; x_wconf 83' lang='lat' dir='ltr'><strong>modicam</strong></span> <span class='ocrx_word' id='word_1_101' title='bbox 716 1833 862 1896; x_wconf 85' lang='lat' dir='ltr'><strong>laetitiam</strong></span> <span class='ocrx_word' id='word_1_102' title='bbox 894 1831 1009 1895; x_wconf 72' lang='lat' dir='ltr'><strong>Ranae</strong></span> <span class='ocrx_word' id='word_1_103' title='bbox 1041 1831 1255 1912; x_wconf 86' lang='lat' dir='ltr'><strong>superueniens</strong></span> 
     </span>
     <span class='ocr_line' id='line_1_16' title="bbox 209 1931 1256 2015; baseline -0.001 -22"><span class='ocrx_word' id='word_1_104' title='bbox 209 1937 339 2012; x_wconf 87' lang='lat' dir='ltr'><strong>repente</strong></span> <span class='ocrx_word' id='word_1_105' title='bbox 362 1947 456 2014; x_wconf 77' lang='lat' dir='ltr'><strong>quum</strong></span> <span class='ocrx_word' id='word_1_106' title='bbox 483 1933 683 2015; x_wconf 84' lang='lat' dir='ltr'><strong>gravissimas</strong></span> <span class='ocrx_word' id='word_1_107' title='bbox 711 1934 813 1996; x_wconf 89' lang='lat' dir='ltr'><strong>luctus</strong></span> <span class='ocrx_word' id='word_1_108' title='bbox 838 1934 1035 2013; x_wconf 78' lang='lat' dir='ltr'><strong>oppresserit.</strong></span> <span class='ocrx_word' id='word_1_109' title='bbox 1076 1931 1112 1995; x_wconf 86' lang='lat' dir='ltr'><strong>Si</strong></span> <span class='ocrx_word' id='word_1_110' title='bbox 1140 1931 1256 2014; x_wconf 81' lang='lat' dir='ltr'><strong>quidem</strong></span> 
     </span>
     <span class='ocr_line' id='line_1_17' title="bbox 208 2031 1255 2116; baseline -0.002 -22"><span class='ocrx_word' id='word_1_111' title='bbox 208 2035 246 2107; x_wconf 76' lang='grc'><strong>0.</strong></span> <span class='ocrx_word' id='word_1_112' title='bbox 261 2031 382 2097; x_wconf 84' lang='lat' dir='ltr'><strong>Lutatio</strong></span> <span class='ocrx_word' id='word_1_113' title='bbox 396 2033 434 2096; x_wconf 82' lang='lat' dir='ltr'><strong>n.</strong></span> <span class='ocrx_word' id='word_1_114' title='bbox 449 2033 563 2096; x_wconf 71' lang='lat' dir='ltr'><strong>baubo</strong></span> <span class='ocrx_word' id='word_1_115' title='bbox 577 2034 766 2112; x_wconf 88' lang='lat' dir='ltr'><strong>consulibus,</strong></span> <span class='ocrx_word' id='word_1_116' title='bbox 789 2033 930 2096; x_wconf 87' lang='lat' dir='ltr'><strong>diversae</strong></span> <span class='ocrx_word' id='word_1_117' title='bbox 953 2034 1071 2116; x_wconf 82' lang='lat' dir='ltr'><strong>ignium</strong></span> <span class='ocrx_word' id='word_1_118' title='bbox 1093 2048 1255 2114; x_wconf 82' lang='lat' dir='ltr'><strong>aquarum-</strong></span> 
     </span>
     <span class='ocr_line' id='line_1_18' title="bbox 208 2131 1257 2214; baseline -0.003 -20"><span class='ocrx_word' id='word_1_119' title='bbox 208 2153 273 2214; x_wconf 81' lang='lat' dir='ltr'><strong>que</strong></span> <span class='ocrx_word' id='word_1_120' title='bbox 295 2135 398 2198; x_wconf 90' lang='lat' dir='ltr'><strong>clades</strong></span> <span class='ocrx_word' id='word_1_121' title='bbox 418 2151 518 2214; x_wconf 87' lang='lat' dir='ltr'><strong>paene</strong></span> <span class='ocrx_word' id='word_1_122' title='bbox 540 2133 719 2196; x_wconf 82' lang='lat' dir='ltr'><strong>absumsere</strong></span> <span class='ocrx_word' id='word_1_123' title='bbox 739 2133 858 2196; x_wconf 90' lang='lat' dir='ltr'><strong>urbem.</strong></span> <span class='ocrx_word' id='word_1_124' title='bbox 894 2133 969 2198; x_wconf 89' lang='lat' dir='ltr'><strong>Nem</strong></span> <span class='ocrx_word' id='word_1_125' title='bbox 992 2133 1111 2196; x_wconf 87' lang='lat' dir='ltr'><strong>&#39;liberis</strong></span> <span class='ocrx_word' id='word_1_126' title='bbox 1134 2131 1257 2196; x_wconf 80' lang='lat' dir='ltr'><strong>insolitis</strong></span> 
     </span>
     <span class='ocr_line' id='line_1_19' title="bbox 208 2229 1258 2315; baseline -0.006 -19"><span class='ocrx_word' id='word_1_127' title='bbox 208 2243 319 2297; x_wconf 88' lang='lat' dir='ltr'><strong>auctus</strong></span> <span class='ocrx_word' id='word_1_128' title='bbox 348 2234 508 2312; x_wconf 81' lang='lat' dir='ltr'><strong>imbribus,</strong></span> <span class='ocrx_word' id='word_1_129' title='bbox 534 2240 568 2294; x_wconf 90' lang='lat' dir='ltr'><strong>et</strong></span> <span class='ocrx_word' id='word_1_130' title='bbox 594 2234 674 2297; x_wconf 85' lang='lat' dir='ltr'><strong>ultra</strong></span> <span class='ocrx_word' id='word_1_131' title='bbox 702 2235 878 2315; x_wconf 76' lang='lat' dir='ltr'><strong>opinionem</strong></span> <span class='ocrx_word' id='word_1_132' title='bbox 906 2233 958 2296; x_wconf 88' lang='lat' dir='ltr'><strong>vel</strong></span> <span class='ocrx_word' id='word_1_133' title='bbox 980 2233 1184 2298; x_wconf 78' lang='lat' dir='ltr'><strong>diuturnitate</strong></span> <span class='ocrx_word' id='word_1_134' title='bbox 1216 2229 1258 2292; x_wconf 87' lang='lat' dir='ltr'><strong>vel</strong></span> 
     </span>
     <span class='ocr_line' id='line_1_20' title="bbox 208 2331 1258 2416; baseline -0.003 -21"><span class='ocrx_word' id='word_1_135' title='bbox 208 2334 422 2415; x_wconf 80' lang='lat' dir='ltr'><strong>magnitudine</strong></span> <span class='ocrx_word' id='word_1_136' title='bbox 449 2333 641 2412; x_wconf 85' lang='lat' dir='ltr'><strong>redundans,</strong></span> <span class='ocrx_word' id='word_1_137' title='bbox 674 2335 776 2396; x_wconf 91' lang='lat' dir='ltr'><strong>omnia</strong></span> <span class='ocrx_word' id='word_1_138' title='bbox 803 2333 917 2396; x_wconf 78' lang='lat' dir='ltr'><strong>Romae</strong></span> <span class='ocrx_word' id='word_1_139' title='bbox 944 2331 1083 2394; x_wconf 84' lang='lat' dir='ltr'><strong>aedificia</strong></span> <span class='ocrx_word' id='word_1_140' title='bbox 1112 2335 1145 2396; x_wconf 90' lang='lat' dir='ltr'><strong>in</strong></span> <span class='ocrx_word' id='word_1_141' title='bbox 1179 2335 1258 2416; x_wconf 87' lang='lat' dir='ltr'><strong>plano</strong></span> 
     </span>
     <span class='ocr_line' id='line_1_21' title="bbox 207 2432 1258 2516; baseline -0.002 -20"><span class='ocrx_word' id='word_1_142' title='bbox 207 2437 309 2516; x_wconf 83' lang='lat' dir='ltr'><strong>posita</strong></span> <span class='ocrx_word' id='word_1_143' title='bbox 331 2434 456 2497; x_wconf 86' lang='lat' dir='ltr'><strong>delevit.</strong></span> <span class='ocrx_word' id='word_1_144' title='bbox 501 2436 649 2498; x_wconf 82' lang='lat' dir='ltr'><strong>Diversae</strong></span> <span class='ocrx_word' id='word_1_145' title='bbox 672 2435 834 2515; x_wconf 89' lang='lat' dir='ltr'><strong>qualitates</strong></span> <span class='ocrx_word' id='word_1_146' title='bbox 856 2435 993 2497; x_wconf 89' lang='lat' dir='ltr'><strong>locorum</strong></span> <span class='ocrx_word' id='word_1_147' title='bbox 1016 2432 1054 2494; x_wconf 89' lang='lat' dir='ltr'><strong>ed</strong></span> <span class='ocrx_word' id='word_1_148' title='bbox 1076 2449 1171 2496; x_wconf 86' lang='lat' dir='ltr'><strong>unam</strong></span> <span class='ocrx_word' id='word_1_149' title='bbox 1189 2449 1258 2497; x_wconf 91' lang='lat' dir='ltr'><strong>con·</strong></span> 
     </span>
     <span class='ocr_line' id='line_1_22' title="bbox 210 2533 1259 2630; baseline -0.003 -34"><span class='ocrx_word' id='word_1_150' title='bbox 210 2551 328 2597; x_wconf 87' lang='lat' dir='ltr'><strong>venero</strong></span> <span class='ocrx_word' id='word_1_151' title='bbox 345 2537 539 2616; x_wconf 85' lang='lat' dir='ltr'><strong>perniciem:</strong></span> <span class='ocrx_word' id='word_1_152' title='bbox 573 2538 719 2616; x_wconf 85' lang='lat' dir='ltr'><strong>quoniam</strong></span> <span class='ocrx_word' id='word_1_153' title='bbox 747 2544 780 2630; x_wconf 61' lang='lat'><strong>&#39;9²</strong></span> <span class='ocrx_word' id='word_1_154' title='bbox 811 2551 892 2616; x_wconf 80' lang='lat' dir='ltr'><strong>quae</strong></span> <span class='ocrx_word' id='word_1_155' title='bbox 925 2535 1051 2616; x_wconf 79' lang='lat' dir='ltr'><strong>segnior</strong></span> <span class='ocrx_word' id='word_1_156' title='bbox 1083 2533 1259 2598; x_wconf 86' lang='lat' dir='ltr'><strong>redundatio</strong></span> 
     </span>
     <span class='ocr_line' id='line_1_23' title="bbox 211 2632 1259 2717; baseline 0 -21"><span class='ocrx_word' id='word_1_157' title='bbox 211 2632 321 2714; x_wconf 85' lang='lat' dir='ltr'><strong>tenuit,</strong></span> <span class='ocrx_word' id='word_1_158' title='bbox 345 2635 513 2698; x_wconf 80' lang='lat' dir='ltr'><strong>madefacto</strong></span> <span class='ocrx_word' id='word_1_159' title='bbox 526 2637 680 2715; x_wconf 87' lang='lat' dir='ltr'><strong>dissolvit,</strong></span> <span class='ocrx_word' id='word_1_160' title='bbox 704 2644 735 2698; x_wconf 87' lang='lat' dir='ltr'><strong>et</strong></span> <span class='ocrx_word' id='word_1_161' title='bbox 758 2655 837 2717; x_wconf 79' lang='lat' dir='ltr'><strong>quoe</strong></span> <span class='ocrx_word' id='word_1_162' title='bbox 848 2653 957 2698; x_wconf 89' lang='lat' dir='ltr'><strong>cursus</strong></span> <span class='ocrx_word' id='word_1_163' title='bbox 973 2635 1118 2698; x_wconf 85' lang='lat' dir='ltr'><strong>torrentis</strong></span> <span class='ocrx_word' id='word_1_164' title='bbox 1135 2634 1259 2710; x_wconf 77' lang='lat' dir='ltr'><strong>invenit,</strong></span> 
     </span>
     <span class='ocr_line' id='line_1_24' title="bbox 210 2734 1261 2820; baseline 0 -23"><span class='ocrx_word' id='word_1_165' title='bbox 210 2736 332 2816; x_wconf 88' lang='lat' dir='ltr'><strong>inpulsa</strong></span> <span class='ocrx_word' id='word_1_166' title='bbox 351 2737 477 2820; x_wconf 86' lang='lat' dir='ltr'><strong>dejecit</strong></span> <span class='ocrx_word' id='word_1_167' title='bbox 516 2739 674 2818; x_wconf 84' lang='lat' dir='ltr'><strong>Aquarum</strong></span> <span class='ocrx_word' id='word_1_168' title='bbox 689 2737 898 2818; x_wconf 85' lang='lat' dir='ltr'><strong>gravissimam</strong></span> <span class='ocrx_word' id='word_1_169' title='bbox 915 2735 1031 2799; x_wconf 84' lang='lat' dir='ltr'><strong>cladem</strong></span> <span class='ocrx_word' id='word_1_170' title='bbox 1047 2736 1175 2818; x_wconf 83' lang='lat' dir='ltr'><strong>gravior</strong></span> <span class='ocrx_word' id='word_1_171' title='bbox 1189 2734 1261 2817; x_wconf 85' lang='lat' dir='ltr'><strong>ignis</strong></span> 
     </span>
     <span class='ocr_line' id='line_1_25' title="bbox 211 2836 1262 2920; baseline -0.003 -22"><span class='ocrx_word' id='word_1_172' title='bbox 211 2843 319 2899; x_wconf 88' lang='lat' dir='ltr'><strong>secute</strong></span> <span class='ocrx_word' id='word_1_173' title='bbox 350 2839 479 2900; x_wconf 89' lang='lat' dir='ltr'><strong>vastatio</strong></span> <span class='ocrx_word' id='word_1_174' title='bbox 507 2845 570 2900; x_wconf 89' lang='lat' dir='ltr'><strong>est:</strong></span> <span class='ocrx_word' id='word_1_175' title='bbox 606 2837 660 2917; x_wconf 87' lang='lat' dir='ltr'><strong>qul</strong></span> <span class='ocrx_word' id='word_1_176' title='bbox 688 2839 769 2920; x_wconf 85' lang='lat' dir='ltr'><strong>ignis</strong></span> <span class='ocrx_word' id='word_1_177' title='bbox 795 2838 947 2899; x_wconf 83' lang='lat' dir='ltr'><strong>incertum</strong></span> <span class='ocrx_word' id='word_1_178' title='bbox 974 2836 1057 2899; x_wconf 91' lang='lat' dir='ltr'><strong>unde</strong></span> <span class='ocrx_word' id='word_1_179' title='bbox 1086 2836 1262 2910; x_wconf 82' lang='lat' dir='ltr'><strong>sarrexerit,</strong></span> 
     </span>
     <span class='ocr_line' id='line_1_26' title="bbox 212 2937 1301 3020; baseline 0 -24"><span class='ocrx_word' id='word_1_180' title='bbox 212 2937 358 3015; x_wconf 89' lang='lat' dir='ltr'><strong>plurimas</strong></span> <span class='ocrx_word' id='word_1_181' title='bbox 379 2938 512 3000; x_wconf 88' lang='lat' dir='ltr'><strong>civitatis</strong></span> <span class='ocrx_word' id='word_1_182' title='bbox 534 2945 636 3018; x_wconf 91' lang='lat' dir='ltr'><strong>partes</strong></span> <span class='ocrx_word' id='word_1_183' title='bbox 657 2945 859 3020; x_wconf 71' lang='lat' dir='ltr'><strong>perurgente,</strong></span> <span class='ocrx_word' id='word_1_184' title='bbox 882 2954 951 3000; x_wconf 90' lang='lat' dir='ltr'><strong>cum</strong></span> <span class='ocrx_word' id='word_1_185' title='bbox 973 2937 1132 3000; x_wconf 90' lang='lat' dir='ltr'><strong>bominum</strong></span> <span class='ocrx_word' id='word_1_186' title='bbox 1155 2937 1262 3000; x_wconf 88' lang='lat' dir='ltr'><strong>demn—</strong></span> <span class='ocrx_word' id='word_1_187' title='bbox 1300 2979 1301 2984; x_wconf 17' lang='grc' dir='ltr'>η</span> 
     </span>
     <span class='ocr_line' id='line_1_27' title="bbox 211 3037 1263 3120; baseline -0.001 -22"><span class='ocrx_word' id='word_1_188' title='bbox 211 3053 343 3118; x_wconf 86' lang='lat' dir='ltr'><strong>rumque</strong></span> <span class='ocrx_word' id='word_1_189' title='bbox 359 3038 563 3101; x_wconf 86' lang='lat' dir='ltr'><strong>miserabilem</strong></span> <span class='ocrx_word' id='word_1_190' title='bbox 579 3046 711 3120; x_wconf 88' lang='lat' dir='ltr'><strong>stragem</strong></span> <span class='ocrx_word' id='word_1_191' title='bbox 727 3037 812 3116; x_wconf 88' lang='lat' dir='ltr'><strong>lecit,</strong></span> <span class='ocrx_word' id='word_1_192' title='bbox 836 3038 1013 3101; x_wconf 79' lang='lat' dir='ltr'><strong>tum·etiam</strong></span> <span class='ocrx_word' id='word_1_193' title='bbox 1036 3045 1152 3100; x_wconf 91' lang='lat' dir='ltr'><strong>tantum</strong></span> <span class='ocrx_word' id='word_1_194' title='bbox 1178 3052 1263 3117; x_wconf 90' lang='lat' dir='ltr'><strong>opum</strong></span> 
     </span>
     <span class='ocr_line' id='line_1_28' title="bbox 212 3138 1264 3221; baseline -0.003 -22"><span class='ocrx_word' id='word_1_195' title='bbox 212 3155 276 3200; x_wconf 89' lang='lat' dir='ltr'><strong>uno</strong></span> <span class='ocrx_word' id='word_1_196' title='bbox 303 3140 471 3201; x_wconf 89' lang='lat' dir='ltr'><strong>consumsit</strong></span> <span class='ocrx_word' id='word_1_197' title='bbox 497 3139 657 3218; x_wconf 89' lang='lat' dir='ltr'><strong>incendio,</strong></span> <span class='ocrx_word' id='word_1_198' title='bbox 687 3145 832 3220; x_wconf 77' lang='lat' dir='ltr'><strong>quantum</strong></span> <span class='ocrx_word' id='word_1_199' title='bbox 860 3138 1009 3219; x_wconf 87' lang='lat' dir='ltr'><strong>plurimae</strong></span> <span class='ocrx_word' id='word_1_200' title='bbox 1032 3145 1063 3202; x_wconf 93' lang='lat' dir='ltr'><strong>et</strong></span> <span class='ocrx_word' id='word_1_201' title='bbox 1084 3139 1264 3221; x_wconf 82' lang='lat' dir='ltr'><strong>peregrinae</strong></span> 
     </span>
     <span class='ocr_line' id='line_1_29' title="bbox 212 3237 1263 3321; baseline 0 -23"><span class='ocrx_word' id='word_1_202' title='bbox 212 3239 362 3302; x_wconf 90' lang='lat' dir='ltr'><strong>victoriae</strong></span> <span class='ocrx_word' id='word_1_203' title='bbox 384 3239 527 3302; x_wconf 84' lang='lat' dir='ltr'><strong>conferre</strong></span> <span class='ocrx_word' id='word_1_204' title='bbox 549 3241 602 3302; x_wconf 85' lang='lat' dir='ltr'><strong>vix</strong></span> <span class='ocrx_word' id='word_1_205' title='bbox 622 3246 758 3321; x_wconf 89' lang='lat' dir='ltr'><strong>possent.</strong></span> <span class='ocrx_word' id='word_1_206' title='bbox 795 3237 915 3302; x_wconf 85' lang='lat' dir='ltr'><strong>Dehinc</strong></span> <span class='ocrx_word' id='word_1_207' title='bbox 937 3257 1005 3302; x_wconf 93' lang='lat' dir='ltr'><strong>cum</strong></span> <span class='ocrx_word' id='word_1_208' title='bbox 1029 3239 1131 3301; x_wconf 89' lang='lat' dir='ltr'><strong>omnia</strong></span> <span class='ocrx_word' id='word_1_209' title='bbox 1153 3240 1187 3300; x_wconf 93' lang='lat' dir='ltr'><strong>in</strong></span> <span class='ocrx_word' id='word_1_210' title='bbox 1204 3237 1263 3300; x_wconf 87' lang='lat' dir='ltr'><strong>cir-</strong></span> 
     </span>
     <span class='ocr_line' id='line_1_30' title="bbox 213 3335 1266 3421; baseline -0.004 -21"><span class='ocrx_word' id='word_1_211' title='bbox 213 3340 299 3400; x_wconf 93' lang='lat' dir='ltr'><strong>cuitu</strong></span> <span class='ocrx_word' id='word_1_212' title='bbox 319 3338 379 3402; x_wconf 86' lang='lat' dir='ltr'><strong>leri</strong></span> <span class='ocrx_word' id='word_1_213' title='bbox 400 3339 607 3419; x_wconf 79' lang='lat' dir='ltr'><strong>popularetur,</strong></span> <span class='ocrx_word' id='word_1_214' title='bbox 630 3339 737 3402; x_wconf 87' lang='lat' dir='ltr'><strong>aedem</strong></span> <span class='ocrx_word' id='word_1_215' title='bbox 753 3337 866 3403; x_wconf 86' lang='lat' dir='ltr'><strong>Vestae</strong></span> <span class='ocrx_word' id='word_1_216' title='bbox 888 3338 1043 3421; x_wconf 86' lang='lat' dir='ltr'><strong>corripuit.</strong></span> <span class='ocrx_word' id='word_1_217' title='bbox 1086 3337 1125 3400; x_wconf 84' lang='lat' dir='ltr'><strong>Et</strong></span> <span class='ocrx_word' id='word_1_218' title='bbox 1146 3357 1190 3400; x_wconf 88' lang='lat' dir='ltr'><strong>ne</strong></span> <span class='ocrx_word' id='word_1_219' title='bbox 1211 3335 1266 3400; x_wconf 90' lang='lat' dir='ltr'><strong>sibi</strong></span> 
     </span>
    </p>
   </div>
   <div class='ocr_carea' id='block_1_7' title="bbox 213 3435 1294 4016">
    <p class='ocr_par' dir='ltr' id='par_1_7' title="bbox 213 3435 1294 4016">
     <span class='ocr_line' id='line_1_31' title="bbox 213 3435 1294 3523; baseline 0.001 -24"><span class='ocrx_word' id='word_1_220' title='bbox 213 3435 300 3521; x_wconf 69' lang='lat' dir='ltr'><strong>[nto]</strong></span> <span class='ocrx_word' id='word_1_221' title='bbox 323 3439 447 3518; x_wconf 89' lang='lat' dir='ltr'><strong>quidem</strong></span> <span class='ocrx_word' id='word_1_222' title='bbox 470 3440 528 3503; x_wconf 92' lang='lat' dir='ltr'><strong>diis</strong></span> <span class='ocrx_word' id='word_1_223' title='bbox 549 3440 817 3523; x_wconf 80' lang='lat' dir='ltr'><strong>subvenientibus,</strong></span> <span class='ocrx_word' id='word_1_224' title='bbox 838 3441 941 3522; x_wconf 84' lang='lat' dir='ltr'><strong>ignem</strong></span> <span class='ocrx_word' id='word_1_225' title='bbox 964 3440 1061 3518; x_wconf 91' lang='lat' dir='ltr'><strong>illurn,</strong></span> <span class='ocrx_word' id='word_1_226' title='bbox 1082 3440 1138 3520; x_wconf 87' lang='lat' dir='ltr'><strong>qui</strong></span> <span class='ocrx_word' id='word_1_227' title='bbox 1161 3446 1265 3500; x_wconf 87' lang='lat' dir='ltr'><strong>oeter-</strong></span> <span class='ocrx_word' id='word_1_228' title='bbox 1288 3463 1294 3482; x_wconf 72' lang='lat'><em>›</em></span> 
     </span>
     <span class='ocr_line' id='line_1_32' title="bbox 213 3539 1266 3624; baseline -0.003 -24"><span class='ocrx_word' id='word_1_229' title='bbox 213 3558 272 3602; x_wconf 91' lang='lat' dir='ltr'><strong>uus</strong></span> <span class='ocrx_word' id='word_1_230' title='bbox 305 3539 482 3620; x_wconf 85' lang='lat' dir='ltr'><strong>putabatur,</strong></span> <span class='ocrx_word' id='word_1_231' title='bbox 517 3542 717 3622; x_wconf 88' lang='lat' dir='ltr'><strong>temporarius</strong></span> <span class='ocrx_word' id='word_1_232' title='bbox 751 3544 832 3624; x_wconf 83' lang='lat' dir='ltr'><strong>ignis</strong></span> <span class='ocrx_word' id='word_1_233' title='bbox 865 3542 1030 3622; x_wconf 90' lang='lat' dir='ltr'><strong>oppressit:</strong></span> <span class='ocrx_word' id='word_1_234' title='bbox 1065 3540 1148 3602; x_wconf 87' lang='lat' dir='ltr'><strong>uude</strong></span> <span class='ocrx_word' id='word_1_235' title='bbox 1176 3541 1266 3601; x_wconf 86' lang='lat' dir='ltr'><strong>otiam</strong></span> 
     </span>
     <span class='ocr_line' id='line_1_33' title="bbox 213 3639 1266 3721; baseline -0.002 -19"><span class='ocrx_word' id='word_1_236' title='bbox 213 3640 365 3717; x_wconf 83' lang='lat' dir='ltr'><strong>Metellus,</strong></span> <span class='ocrx_word' id='word_1_237' title='bbox 389 3639 459 3702; x_wconf 93' lang='lat' dir='ltr'><strong>dum</strong></span> <span class='ocrx_word' id='word_1_238' title='bbox 482 3659 606 3705; x_wconf 86' lang='lat' dir='ltr'><strong>arsuros</strong></span> <span class='ocrx_word' id='word_1_239' title='bbox 628 3642 702 3703; x_wconf 87' lang='lat' dir='ltr'><strong>deos</strong></span> <span class='ocrx_word' id='word_1_240' title='bbox 726 3642 826 3721; x_wconf 88' lang='lat' dir='ltr'><strong>eripit,</strong></span> <span class='ocrx_word' id='word_1_241' title='bbox 849 3642 903 3702; x_wconf 89' lang='lat' dir='ltr'><strong>vix</strong></span> <span class='ocrx_word' id='word_1_242' title='bbox 926 3641 1049 3704; x_wconf 86' lang='lat' dir='ltr'><strong>brachio</strong></span> <span class='ocrx_word' id='word_1_243' title='bbox 1065 3639 1266 3702; x_wconf 87' lang='lat' dir='ltr'><strong>semiustula-</strong></span> 
     </span>
     <span class='ocr_line' id='line_1_34' title="bbox 214 3740 1267 3822; baseline -0.005 -20"><span class='ocrx_word' id='word_1_244' title='bbox 214 3748 263 3802; x_wconf 89' lang='lat' dir='ltr'><strong>tus</strong></span> <span class='ocrx_word' id='word_1_245' title='bbox 295 3740 424 3822; x_wconf 78' lang='lat' dir='ltr'><strong>aufugit.</strong></span> <span class='ocrx_word' id='word_1_246' title='bbox 467 3743 512 3804; x_wconf 77' lang='lat' dir='ltr'><strong>li.</strong></span> <span class='ocrx_word' id='word_1_247' title='bbox 543 3741 724 3821; x_wconf 89' lang='lat' dir='ltr'><strong>Sempronio</strong></span> <span class='ocrx_word' id='word_1_248' title='bbox 752 3740 906 3820; x_wconf 87' lang='lat' dir='ltr'><strong>Graccho,</strong></span> <span class='ocrx_word' id='word_1_249' title='bbox 934 3743 963 3806; x_wconf 86' lang='lat' dir='ltr'><strong>P.</strong></span> <span class='ocrx_word' id='word_1_250' title='bbox 991 3741 1114 3804; x_wconf 89' lang='lat' dir='ltr'><strong>Valerio</strong></span> <span class='ocrx_word' id='word_1_251' title='bbox 1143 3740 1267 3802; x_wconf 84' lang='lat' dir='ltr'><strong>Faltone</strong></span> 
     </span>
     <span class='ocr_line' id='line_1_35' title="bbox 213 3839 1265 3924; baseline -0.001 -24"><span class='ocrx_word' id='word_1_252' title='bbox 213 3841 392 3903; x_wconf 91' lang='lat' dir='ltr'><strong>consulibus</strong></span> <span class='ocrx_word' id='word_1_253' title='bbox 424 3859 494 3903; x_wconf 90' lang='lat' dir='ltr'><strong>oum</strong></span> <span class='ocrx_word' id='word_1_254' title='bbox 519 3840 645 3902; x_wconf 83' lang='lat' dir='ltr'><strong>Faliscis</strong></span> <span class='ocrx_word' id='word_1_255' title='bbox 670 3841 826 3904; x_wconf 83' lang='lat' dir='ltr'><strong>bellavere</strong></span> <span class='ocrx_word' id='word_1_256' title='bbox 848 3842 992 3922; x_wconf 86' lang='lat' dir='ltr'><strong>Romani,</strong></span> <span class='ocrx_word' id='word_1_257' title='bbox 1025 3860 1126 3924; x_wconf 86' lang='lat' dir='ltr'><strong>eoque</strong></span> <span class='ocrx_word' id='word_1_258' title='bbox 1149 3839 1265 3922; x_wconf 86' lang='lat' dir='ltr'><strong>praello</strong></span> 
     </span>
     <span class='ocr_line' id='line_1_36' title="bbox 215 3939 1003 4016; baseline 0.009 -17"><span class='ocrx_word' id='word_1_259' title='bbox 215 3939 390 4016; x_wconf 81' lang='lat' dir='ltr'><strong>quindecim</strong></span> <span class='ocrx_word' id='word_1_260' title='bbox 413 3941 508 4005; x_wconf 86' lang='lat' dir='ltr'><strong>millia</strong></span> <span class='ocrx_word' id='word_1_261' title='bbox 530 3941 715 4004; x_wconf 78' lang='lat' dir='ltr'><strong>Faliscorum</strong></span> <span class='ocrx_word' id='word_1_262' title='bbox 738 3941 900 4008; x_wconf 82' lang='lat' dir='ltr'><strong>interiecta</strong></span> <span class='ocrx_word' id='word_1_263' title='bbox 923 3952 1003 4007; x_wconf 91' lang='lat' dir='ltr'><strong>sunt.</strong></span> 
     </span>
    </p>
   </div>
   <div class='ocr_carea' id='block_1_8' title="bbox 0 0 1338 4434">
    <p class='ocr_par' dir='ltr' id='par_1_8' title="bbox 0 0 1338 4434">
     <span class='ocr_line' id='line_1_37' title="bbox 0 0 1338 4434; baseline 0 0"><span class='ocrx_word' id='word_1_264' title='bbox 0 0 1338 4434; x_wconf 95' lang='lat' dir='ltr'><strong> </strong></span> 
     </span>
    </p>
   </div>
  </div>
 </body>
</html>
