<?xml version="1.0" encoding="UTF-8"?>
<!DOCTYPE html PUBLIC "-//W3C//DTD XHTML 1.0 Transitional//EN"
    "http://www.w3.org/TR/xhtml1/DTD/xhtml1-transitional.dtd">
<html xmlns="http://www.w3.org/1999/xhtml" xml:lang="en" lang="en">
 <head>
  <title>
</title>
<meta http-equiv="Content-Type" content="text/html;charset=utf-8" />
  <meta name='ocr-system' content='tesseract 3.04.00' />
  <meta name='ocr-capabilities' content='ocr_page ocr_carea ocr_par ocr_line ocrx_word'/>
</head>
<body>
  <div class='ocr_page' id='page_1' title='image "./pauliorosiipres00havegoog_0320.png"; bbox 0 0 2634 4434; ppageno 0'>
   <div class='ocr_carea' id='block_1_1' title="bbox 562 340 636 411">
    <p class='ocr_par' dir='ltr' id='par_1_1' title="bbox 562 340 636 411">
     <span class='ocr_line' id='line_1_1' title="bbox 562 340 636 411; baseline -0.054 0"><span class='ocrx_word' id='word_1_1' title='bbox 562 340 636 411; x_wconf 82' lang='lat'>317</span> 
     </span>
    </p>
   </div>
   <div class='ocr_carea' id='block_1_2' title="bbox 71 572 1129 1067">
    <p class='ocr_par' dir='ltr' id='par_1_2' title="bbox 71 572 1129 1067">
     <span class='ocr_line' id='line_1_2' title="bbox 72 572 1128 663; baseline -0.003 -20"><span class='ocrx_word' id='word_1_2' title='bbox 72 601 135 663; x_wconf 90' lang='lat' dir='ltr'>que</span> <span class='ocrx_word' id='word_1_3' title='bbox 170 579 224 643; x_wconf 89' lang='lat' dir='ltr'>ubi</span> <span class='ocrx_word' id='word_1_4' title='bbox 257 576 436 658; x_wconf 84' lang='lat' dir='ltr'>imperatori</span> <span class='ocrx_word' id='word_1_5' title='bbox 468 575 604 639; x_wconf 82' lang='lat' dir='ltr'>Honorio</span> <span class='ocrx_word' id='word_1_6' title='bbox 637 574 851 654; x_wconf 89' lang='lat' dir='ltr'>exercituique</span> <span class='ocrx_word' id='word_1_7' title='bbox 884 572 1019 636; x_wconf 85' lang='lat' dir='ltr'>Romano</span> <span class='ocrx_word' id='word_1_8' title='bbox 1043 576 1128 640; x_wconf 73' lang='lat' dir='ltr'>&#39;haec</span> 
     </span>
     <span class='ocr_line' id='line_1_3' title="bbox 71 675 1128 757; baseline -0.006 -11"><span class='ocrx_word' id='word_1_9' title='bbox 71 689 226 746; x_wconf 69' lang='lat' dir='ltr'>mutorum</span> <span class='ocrx_word' id='word_1_10' title='bbox 249 679 401 741; x_wconf 86' lang='lat' dir='ltr'>scelerum</span> <span class='ocrx_word' id='word_1_11' title='bbox 423 693 517 740; x_wconf 89' lang='lat' dir='ltr'>scena</span> <span class='ocrx_word' id='word_1_12' title='bbox 539 675 689 757; x_wconf 81' lang='lat' dir='ltr'>patefacta</span> <span class='ocrx_word' id='word_1_13' title='bbox 712 681 769 751; x_wconf 88' lang='lat' dir='ltr'>est,</span> <span class='ocrx_word' id='word_1_14' title='bbox 793 679 943 736; x_wconf 82' lang='lat' dir='ltr'>conrmoto</span> <span class='ocrx_word' id='word_1_15' title='bbox 958 676 1128 755; x_wconf 89' lang='lat' dir='ltr'>justissime</span> 
     </span>
     <span class='ocr_line' id='line_1_4' title="bbox 73 765 1128 857; baseline -0.007 -11"><span class='ocrx_word' id='word_1_16' title='bbox 73 783 230 856; x_wconf 84' lang='lat' dir='ltr'>exercitu,</span> <span class='ocrx_word' id='word_1_17' title='bbox 259 780 380 841; x_wconf 83' lang='lat' dir='ltr'>occisus</span> <span class='ocrx_word' id='word_1_18' title='bbox 409 784 456 841; x_wconf 86' lang='lat' dir='ltr'>est</span> <span class='ocrx_word' id='word_1_19' title='bbox 484 776 607 852; x_wconf 86' lang='lat' dir='ltr'>Stilieo;</span> <span class='ocrx_word' id='word_1_20' title='bbox 631 778 701 856; x_wconf 92' lang='lat' dir='ltr'>qui,</span> <span class='ocrx_word' id='word_1_21' title='bbox 725 782 759 836; x_wconf 93' lang='lat' dir='ltr'>ut</span> <span class='ocrx_word' id='word_1_22' title='bbox 780 791 874 836; x_wconf 89' lang='lat' dir='ltr'>uuum</span> <span class='ocrx_word' id='word_1_23' title='bbox 898 792 1026 852; x_wconf 89' lang='lat' dir='ltr'>puerum</span> <span class='ocrx_word' id='word_1_24' title='bbox 1049 765 1128 857; x_wconf 86' lang='lat' dir='ltr'>pur-</span> 
     </span>
     <span class='ocr_line' id='line_1_5' title="bbox 72 867 1128 964; baseline -0.005 -18"><span class='ocrx_word' id='word_1_25' title='bbox 72 901 150 964; x_wconf 85' lang='lat' dir='ltr'>pura</span> <span class='ocrx_word' id='word_1_26' title='bbox 177 881 337 957; x_wconf 86' lang='lat' dir='ltr'>indueret,</span> <span class='ocrx_word' id='word_1_27' title='bbox 365 880 458 942; x_wconf 86' lang='lat' dir='ltr'>totius</span> <span class='ocrx_word' id='word_1_28' title='bbox 485 879 611 960; x_wconf 90' lang='lat' dir='ltr'>generis</span> <span class='ocrx_word' id='word_1_29' title='bbox 639 875 763 938; x_wconf 88' lang='lat' dir='ltr'>humani</span> <span class='ocrx_word' id='word_1_30' title='bbox 792 874 972 954; x_wconf 79' lang='lat' dir='ltr'>sanguinem</span> <span class='ocrx_word' id='word_1_31' title='bbox 994 867 1128 940; x_wconf 87' lang='lat' dir='ltr'>dedidit.</span> 
     </span>
     <span class='ocr_line' id='line_1_6' title="bbox 74 974 1129 1067; baseline -0.008 -19"><span class='ocrx_word' id='word_1_32' title='bbox 74 983 204 1048; x_wconf 86' lang='lat' dir='ltr'>Occisus</span> <span class='ocrx_word' id='word_1_33' title='bbox 225 985 328 1042; x_wconf 85' lang='lat' dir='ltr'>estet</span> <span class='ocrx_word' id='word_1_34' title='bbox 349 977 538 1054; x_wconf 79' lang='lat' dir='ltr'><strong>Eucherius,</strong></span> <span class='ocrx_word' id='word_1_35' title='bbox 566 977 620 1067; x_wconf 86' lang='lat' dir='ltr'>qui</span> <span class='ocrx_word' id='word_1_36' title='bbox 647 977 685 1040; x_wconf 87' lang='lat' dir='ltr'>ad</span> <span class='ocrx_word' id='word_1_37' title='bbox 708 974 932 1037; x_wconf 89' lang='lat' dir='ltr'>conciliandum</span> <span class='ocrx_word' id='word_1_38' title='bbox 955 974 1014 1038; x_wconf 91' lang='lat' dir='ltr'>sihi</span> <span class='ocrx_word' id='word_1_39' title='bbox 1036 975 1129 1040; x_wconf 86' lang='lat' dir='ltr'>favo-</span> 
     </span>
    </p>
   </div>
   <div class='ocr_carea' id='block_1_3' title="bbox 73 1075 1272 1161">
    <p class='ocr_par' dir='ltr' id='par_1_3' title="bbox 73 1075 1272 1161">
     <span class='ocr_line' id='line_1_7' title="bbox 73 1075 1272 1161; baseline -0.005 -17"><span class='ocrx_word' id='word_1_40' title='bbox 73 1101 141 1146; x_wconf 82' lang='lat' dir='ltr'>rem</span> <span class='ocrx_word' id='word_1_41' title='bbox 163 1096 361 1161; x_wconf 86' lang='lat' dir='ltr'>paganorum,</span> <span class='ocrx_word' id='word_1_42' title='bbox 383 1078 579 1140; x_wconf 76' lang='lat' dir='ltr'>restitutione</span> <span class='ocrx_word' id='word_1_43' title='bbox 600 1075 781 1156; x_wconf 90' lang='lat' dir='ltr'>templorum</span> <span class='ocrx_word' id='word_1_44' title='bbox 798 1081 829 1136; x_wconf 92' lang='lat' dir='ltr'>et</span> <span class='ocrx_word' id='word_1_45' title='bbox 844 1075 1005 1138; x_wconf 82' lang='lat' dir='ltr'>eversione</span> <span class='ocrx_word' id='word_1_46' title='bbox 1022 1079 1130 1142; x_wconf 88' lang='lat' dir='ltr'>eccle·</span> <span class='ocrx_word' id='word_1_47' title='bbox 1219 1087 1221 1092; x_wconf 80' lang='grc'>’</span> <span class='ocrx_word' id='word_1_48' title='bbox 1263 1149 1272 1161; x_wconf 38' lang='lat'><strong>¹</strong></span> 
     </span>
    </p>
   </div>
   <div class='ocr_carea' id='block_1_4' title="bbox 77 1173 1130 1259">
    <p class='ocr_par' dir='ltr' id='par_1_4' title="bbox 77 1173 1130 1259">
     <span class='ocr_line' id='line_1_8' title="bbox 77 1173 1130 1259; baseline -0.002 -13"><span class='ocrx_word' id='word_1_49' title='bbox 77 1184 192 1246; x_wconf 86' lang='lat' dir='ltr'>siarum</span> <span class='ocrx_word' id='word_1_50' title='bbox 208 1173 395 1244; x_wconf 83' lang='lat' dir='ltr'>imbuturum</span> <span class='ocrx_word' id='word_1_51' title='bbox 418 1195 453 1240; x_wconf 87' lang='lat' dir='ltr'>se</span> <span class='ocrx_word' id='word_1_52' title='bbox 474 1177 564 1258; x_wconf 87' lang='lat' dir='ltr'>regni</span> <span class='ocrx_word' id='word_1_53' title='bbox 586 1176 749 1256; x_wconf 88' lang='lat' dir='ltr'>primordia</span> <span class='ocrx_word' id='word_1_54' title='bbox 772 1175 954 1252; x_wconf 79' lang='lat' dir='ltr'>minabatur,</span> <span class='ocrx_word' id='word_1_55' title='bbox 977 1179 1130 1259; x_wconf 81' lang='lat' dir='ltr'>paucique</span> 
     </span>
    </p>
   </div>
   <div class='ocr_carea' id='block_1_5' title="bbox 75 1276 1133 1862">
    <p class='ocr_par' dir='ltr' id='par_1_5' title="bbox 75 1276 1133 1862">
     <span class='ocr_line' id='line_1_9' title="bbox 76 1276 1133 1356; baseline -0.001 -11"><span class='ocrx_word' id='word_1_56' title='bbox 76 1301 147 1345; x_wconf 86' lang='lat' dir='ltr'>curn</span> <span class='ocrx_word' id='word_1_57' title='bbox 169 1280 278 1342; x_wconf 91' lang='lat' dir='ltr'>iisdem</span> <span class='ocrx_word' id='word_1_58' title='bbox 300 1277 448 1342; x_wconf 74' lang='lat' dir='ltr'>satellites</span> <span class='ocrx_word' id='word_1_59' title='bbox 471 1283 621 1339; x_wconf 77' lang='lat' dir='ltr'>antarum</span> <span class='ocrx_word' id='word_1_60' title='bbox 645 1277 836 1340; x_wconf 86' lang='lat' dir='ltr'>molitionum</span> <span class='ocrx_word' id='word_1_61' title='bbox 859 1276 958 1356; x_wconf 89' lang='lat' dir='ltr'>puniti</span> <span class='ocrx_word' id='word_1_62' title='bbox 972 1285 1061 1339; x_wconf 56' lang='lat' dir='ltr'>sunt,</span> <span class='ocrx_word' id='word_1_63' title='bbox 1086 1280 1133 1344; x_wconf 80' lang='lat' dir='ltr'>lta</span> 
     </span>
     <span class='ocr_line' id='line_1_10' title="bbox 76 1375 1130 1461; baseline 0 -17"><span class='ocrx_word' id='word_1_64' title='bbox 76 1383 203 1444; x_wconf 89' lang='lat' dir='ltr'>minimo</span> <span class='ocrx_word' id='word_1_65' title='bbox 224 1379 351 1461; x_wconf 88' lang='lat' dir='ltr'>negotio</span> <span class='ocrx_word' id='word_1_66' title='bbox 371 1394 602 1458; x_wconf 79' lang='lat' dir='ltr'>paucorumque</span> <span class='ocrx_word' id='word_1_67' title='bbox 624 1394 724 1457; x_wconf 89' lang='lat' dir='ltr'>poena</span> <span class='ocrx_word' id='word_1_68' title='bbox 750 1376 902 1440; x_wconf 86' lang='lat' dir='ltr'>ecclesiae</span> <span class='ocrx_word' id='word_1_69' title='bbox 926 1375 1037 1440; x_wconf 82' lang='lat' dir='ltr'>Christi</span> <span class='ocrx_word' id='word_1_70' title='bbox 1060 1398 1130 1444; x_wconf 90' lang='lat' dir='ltr'>cum</span> 
     </span>
     <span class='ocr_line' id='line_1_11' title="bbox 75 1475 1132 1562; baseline 0 -18"><span class='ocrx_word' id='word_1_71' title='bbox 75 1481 264 1561; x_wconf 81' lang='lat' dir='ltr'>Imperatore</span> <span class='ocrx_word' id='word_1_72' title='bbox 284 1477 431 1558; x_wconf 86' lang='lat' dir='ltr'>religioso</span> <span class='ocrx_word' id='word_1_73' title='bbox 454 1485 485 1541; x_wconf 91' lang='lat' dir='ltr'>et</span> <span class='ocrx_word' id='word_1_74' title='bbox 506 1477 654 1540; x_wconf 80' lang='lat' dir='ltr'>liberatae</span> <span class='ocrx_word' id='word_1_75' title='bbox 674 1484 745 1540; x_wconf 89' lang='lat' dir='ltr'>sunt</span> <span class='ocrx_word' id='word_1_76' title='bbox 761 1483 792 1540; x_wconf 91' lang='lat' dir='ltr'>et</span> <span class='ocrx_word' id='word_1_77' title='bbox 806 1475 987 1540; x_wconf 86' lang='lat' dir='ltr'>vindicatae.</span> <span class='ocrx_word' id='word_1_78' title='bbox 1024 1479 1132 1562; x_wconf 88' lang='lat' dir='ltr'>ltaque</span> 
     </span>
     <span class='ocr_line' id='line_1_12' title="bbox 76 1563 1130 1662; baseline 0.001 -19"><span class='ocrx_word' id='word_1_79' title='bbox 76 1581 244 1662; x_wconf 77' lang='lat' dir='ltr'>posthaec</span> <span class='ocrx_word' id='word_1_80' title='bbox 266 1585 348 1641; x_wconf 87' lang='lat' dir='ltr'>tanta</span> <span class='ocrx_word' id='word_1_81' title='bbox 369 1580 534 1658; x_wconf 82' lang='lat' dir='ltr'>augmenta</span> <span class='ocrx_word' id='word_1_82' title='bbox 556 1577 811 1659; x_wconf 82' lang='lat' dir='ltr'>blasphemiarum</span> <span class='ocrx_word' id='word_1_83' title='bbox 844 1576 1021 1658; x_wconf 86' lang='lat' dir='ltr'>nullamque</span> <span class='ocrx_word' id='word_1_84' title='bbox 1049 1563 1130 1661; x_wconf 82' lang='lat' dir='ltr'>poe-</span> 
     </span>
     <span class='ocr_line' id='line_1_13' title="bbox 77 1677 1130 1758; baseline 0.001 -15"><span class='ocrx_word' id='word_1_85' title='bbox 77 1682 238 1746; x_wconf 90' lang='lat' dir='ltr'>nitentiam</span> <span class='ocrx_word' id='word_1_86' title='bbox 272 1678 379 1742; x_wconf 88' lang='lat' dir='ltr'>ultima</span> <span class='ocrx_word' id='word_1_87' title='bbox 401 1677 453 1740; x_wconf 89' lang='lat' dir='ltr'>illa</span> <span class='ocrx_word' id='word_1_88' title='bbox 475 1677 591 1758; x_wconf 90' lang='lat' dir='ltr'>diuque</span> <span class='ocrx_word' id='word_1_89' title='bbox 613 1693 761 1758; x_wconf 85' lang='lat' dir='ltr'>suspensa</span> <span class='ocrx_word' id='word_1_90' title='bbox 784 1677 895 1740; x_wconf 89' lang='lat' dir='ltr'>Urbem</span> <span class='ocrx_word' id='word_1_91' title='bbox 923 1695 1022 1758; x_wconf 87' lang='lat' dir='ltr'>poena</span> <span class='ocrx_word' id='word_1_92' title='bbox 1048 1699 1130 1744; x_wconf 90' lang='lat' dir='ltr'>con-</span> 
     </span>
     <span class='ocr_line' id='line_1_14' title="bbox 77 1784 226 1862; baseline 0 -17"><span class='ocrx_word' id='word_1_93' title='bbox 77 1784 226 1862; x_wconf 85' lang='lat' dir='ltr'>sequitur.</span> 
     </span>
    </p>
   </div>
   <div class='ocr_carea' id='block_1_6' title="bbox 352 2029 1135 2168">
    <p class='ocr_par' dir='ltr' id='par_1_6' title="bbox 352 1956 1135 2168">
     <span class='ocr_line' id='line_1_15' title="bbox 352 2029 1135 2168; baseline -0.005 -28"><span class='ocrx_word' id='word_1_94' title='bbox 352 2032 546 2168; x_wconf 75' lang='lat' dir='ltr'>capu</span> <span class='ocrx_word' id='word_1_95' title='bbox 592 2029 799 2140; x_wconf 80' lang='lat' dir='ltr'>xxxta.</span> <span class='ocrx_word' id='word_1_96' title='bbox 1037 2065 1135 2154; x_wconf 70' lang='lat' dir='ltr'>aa</span> 
     </span>
    </p>
   </div>
   <div class='ocr_carea' id='block_1_7' title="bbox 80 2231 1137 2416">
    <p class='ocr_par' dir='ltr' id='par_1_7' title="bbox 80 2231 1137 2416">
     <span class='ocr_line' id='line_1_16' title="bbox 80 2231 1137 2322; baseline -0.003 -17"><span class='ocrx_word' id='word_1_97' title='bbox 80 2237 259 2320; x_wconf 82' lang='lat' dir='ltr'>Quomodo</span> <span class='ocrx_word' id='word_1_98' title='bbox 288 2235 399 2301; x_wconf 82' lang='lat' dir='ltr'>Romo</span> <span class='ocrx_word' id='word_1_99' title='bbox 423 2254 490 2319; x_wconf 84' lang='lat' dir='ltr'>per</span> <span class='ocrx_word' id='word_1_100' title='bbox 517 2231 651 2300; x_wconf 77' lang='lat' dir='ltr'>Gothos</span> <span class='ocrx_word' id='word_1_101' title='bbox 676 2236 814 2318; x_wconf 83' lang='lat' dir='ltr'>irrupto</span> <span class='ocrx_word' id='word_1_102' title='bbox 835 2237 960 2322; x_wconf 73' lang='lat' dir='ltr'>fuerit,</span> <span class='ocrx_word' id='word_1_103' title='bbox 988 2237 1137 2320; x_wconf 84' lang='lat' dir='ltr'>deprae-</span> 
     </span>
     <span class='ocr_line' id='line_1_17' title="bbox 125 2332 1094 2416; baseline -0.003 -10"><span class='ocrx_word' id='word_1_104' title='bbox 125 2342 209 2406; x_wconf 82' lang='lat' dir='ltr'>data</span> <span class='ocrx_word' id='word_1_105' title='bbox 231 2341 264 2403; x_wconf 89' lang='lat' dir='ltr'>et</span> <span class='ocrx_word' id='word_1_106' title='bbox 283 2339 442 2416; x_wconf 77' lang='lat' dir='ltr'>incensa,</span> <span class='ocrx_word' id='word_1_107' title='bbox 469 2337 553 2402; x_wconf 80' lang='lat' dir='ltr'>sotis</span> <span class='ocrx_word' id='word_1_108' title='bbox 575 2332 784 2402; x_wconf 74' lang='lat' dir='ltr'>Christiania</span> <span class='ocrx_word' id='word_1_109' title='bbox 807 2339 894 2403; x_wconf 80' lang='lat' dir='ltr'>irrita</span> <span class='ocrx_word' id='word_1_110' title='bbox 913 2339 948 2402; x_wconf 86' lang='lat' dir='ltr'>ei</span> <span class='ocrx_word' id='word_1_111' title='bbox 968 2336 1094 2404; x_wconf 83' lang='lat' dir='ltr'>liberie.</span> 
     </span>
    </p>
   </div>
   <div class='ocr_carea' id='block_1_8' title="bbox 80 2489 1209 4077">
    <p class='ocr_par' dir='ltr' id='par_1_8' title="bbox 80 2489 1209 4077">
     <span class='ocr_line' id='line_1_18' title="bbox 167 2489 1136 2572; baseline 0.001 -18"><span class='ocrx_word' id='word_1_112' title='bbox 167 2491 265 2554; x_wconf 83' lang='lat' dir='ltr'>Adest</span> <span class='ocrx_word' id='word_1_113' title='bbox 300 2489 457 2567; x_wconf 83' lang='lat' dir='ltr'>Alaricus,</span> <span class='ocrx_word' id='word_1_114' title='bbox 499 2491 647 2569; x_wconf 88' lang='lat' dir='ltr'>trepidam</span> <span class='ocrx_word' id='word_1_115' title='bbox 684 2491 813 2552; x_wconf 84' lang='lat' dir='ltr'>Romam</span> <span class='ocrx_word' id='word_1_116' title='bbox 848 2492 982 2568; x_wconf 85' lang='lat' dir='ltr'>obsidet,</span> <span class='ocrx_word' id='word_1_117' title='bbox 1025 2493 1136 2572; x_wconf 89' lang='lat' dir='ltr'>turbat,</span> 
     </span>
     <span class='ocr_line' id='line_1_19' title="bbox 80 2587 1136 2672; baseline 0.004 -19"><span class='ocrx_word' id='word_1_118' title='bbox 80 2592 232 2670; x_wconf 87' lang='lat' dir='ltr'>irrumpit.</span> <span class='ocrx_word' id='word_1_119' title='bbox 277 2587 354 2649; x_wconf 88' lang='lat' dir='ltr'>Dato</span> <span class='ocrx_word' id='word_1_120' title='bbox 379 2596 480 2649; x_wconf 90' lang='lat' dir='ltr'>tamen</span> <span class='ocrx_word' id='word_1_121' title='bbox 501 2598 666 2670; x_wconf 90' lang='lat' dir='ltr'>praecepto</span> <span class='ocrx_word' id='word_1_122' title='bbox 688 2592 788 2671; x_wconf 85' lang='lat' dir='ltr'>prius,</span> <span class='ocrx_word' id='word_1_123' title='bbox 816 2598 851 2654; x_wconf 88' lang='lat' dir='ltr'>ut</span> <span class='ocrx_word' id='word_1_124' title='bbox 878 2594 904 2655; x_wconf 89' lang='lat' dir='ltr'>si</span> <span class='ocrx_word' id='word_1_125' title='bbox 931 2593 982 2672; x_wconf 93' lang='lat' dir='ltr'>qui</span> <span class='ocrx_word' id='word_1_126' title='bbox 1006 2594 1037 2654; x_wconf 92' lang='lat' dir='ltr'>in</span> <span class='ocrx_word' id='word_1_127' title='bbox 1060 2613 1136 2656; x_wconf 87' lang='lat' dir='ltr'>san—</span> 
     </span>
     <span class='ocr_line' id='line_1_20' title="bbox 81 2689 1139 2771; baseline 0.002 -17"><span class='ocrx_word' id='word_1_128' title='bbox 81 2700 133 2754; x_wconf 87' lang='lat' dir='ltr'>cta</span> <span class='ocrx_word' id='word_1_129' title='bbox 154 2689 221 2750; x_wconf 91' lang='lat' dir='ltr'>loca</span> <span class='ocrx_word' id='word_1_130' title='bbox 243 2689 472 2768; x_wconf 87' lang='lat' dir='ltr'>praecipueque</span> <span class='ocrx_word' id='word_1_131' title='bbox 494 2690 525 2750; x_wconf 90' lang='lat' dir='ltr'>in</span> <span class='ocrx_word' id='word_1_132' title='bbox 554 2698 728 2752; x_wconf 88' lang='lat' dir='ltr'>sanctorum</span> <span class='ocrx_word' id='word_1_133' title='bbox 757 2693 971 2771; x_wconf 86' lang='lat' dir='ltr'>Apostolorum</span> <span class='ocrx_word' id='word_1_134' title='bbox 1000 2695 1079 2756; x_wconf 88' lang='lat' dir='ltr'>Petri</span> <span class='ocrx_word' id='word_1_135' title='bbox 1108 2703 1139 2756; x_wconf 89' lang='lat' dir='ltr'>et</span> 
     </span>
     <span class='ocr_line' id='line_1_21' title="bbox 81 2787 1138 2872; baseline 0.002 -19"><span class='ocrx_word' id='word_1_136' title='bbox 81 2790 169 2854; x_wconf 86' lang='lat' dir='ltr'>Pauli</span> <span class='ocrx_word' id='word_1_137' title='bbox 191 2788 332 2850; x_wconf 88' lang='lat' dir='ltr'>basilicas</span> <span class='ocrx_word' id='word_1_138' title='bbox 354 2787 576 2870; x_wconf 81' lang='lat' dir='ltr'>confugissent,</span> <span class='ocrx_word' id='word_1_139' title='bbox 599 2790 655 2853; x_wconf 92' lang='lat' dir='ltr'>hos</span> <span class='ocrx_word' id='word_1_140' title='bbox 677 2791 709 2853; x_wconf 93' lang='lat' dir='ltr'>in</span> <span class='ocrx_word' id='word_1_141' title='bbox 731 2789 836 2872; x_wconf 86' lang='lat' dir='ltr'>primis</span> <span class='ocrx_word' id='word_1_142' title='bbox 858 2792 1020 2854; x_wconf 90' lang='lat' dir='ltr'>inviolatos</span> <span class='ocrx_word' id='word_1_143' title='bbox 1042 2809 1138 2856; x_wconf 87' lang='lat' dir='ltr'>secu-</span> 
     </span>
     <span class='ocr_line' id='line_1_22' title="bbox 82 2891 1140 2973; baseline 0 -20"><span class='ocrx_word' id='word_1_144' title='bbox 82 2907 199 2969; x_wconf 89' lang='lat' dir='ltr'>rosque</span> <span class='ocrx_word' id='word_1_145' title='bbox 220 2905 291 2950; x_wconf 90' lang='lat' dir='ltr'>esse</span> <span class='ocrx_word' id='word_1_146' title='bbox 318 2891 465 2953; x_wconf 89' lang='lat' dir='ltr'>sinerent.</span> <span class='ocrx_word' id='word_1_147' title='bbox 510 2891 585 2953; x_wconf 83' lang='lat' dir='ltr'>Tum</span> <span class='ocrx_word' id='word_1_148' title='bbox 612 2891 742 2971; x_wconf 91' lang='lat' dir='ltr'>deinde,</span> <span class='ocrx_word' id='word_1_149' title='bbox 770 2893 802 2954; x_wconf 87' lang='lat' dir='ltr'>in</span> <span class='ocrx_word' id='word_1_150' title='bbox 836 2900 981 2973; x_wconf 90' lang='lat' dir='ltr'>quantum</span> <span class='ocrx_word' id='word_1_151' title='bbox 1005 2899 1140 2973; x_wconf 89' lang='lat' dir='ltr'>possent,</span> 
     </span>
     <span class='ocr_line' id='line_1_23' title="bbox 83 2988 1140 3074; baseline 0.004 -24"><span class='ocrx_word' id='word_1_152' title='bbox 83 2989 217 3072; x_wconf 86' lang='lat' dir='ltr'>praedae</span> <span class='ocrx_word' id='word_1_153' title='bbox 232 2988 384 3048; x_wconf 87' lang='lat' dir='ltr'>inhiantes</span> <span class='ocrx_word' id='word_1_154' title='bbox 404 3007 421 3048; x_wconf 89' lang='lat' dir='ltr'>a</span> <span class='ocrx_word' id='word_1_155' title='bbox 442 2992 593 3070; x_wconf 86' lang='lat' dir='ltr'>sanguine</span> <span class='ocrx_word' id='word_1_156' title='bbox 615 2999 830 3071; x_wconf 87' lang='lat' dir='ltr'>temperarent.</span> <span class='ocrx_word' id='word_1_157' title='bbox 867 2993 989 3056; x_wconf 87' lang='lat' dir='ltr'>Accidit</span> <span class='ocrx_word' id='word_1_158' title='bbox 1005 3009 1140 3074; x_wconf 88' lang='lat' dir='ltr'>quoque,</span> 
     </span>
     <span class='ocr_line' id='line_1_24' title="bbox 85 3087 1140 3172; baseline 0.004 -22"><span class='ocrx_word' id='word_1_159' title='bbox 85 3106 148 3170; x_wconf 90' lang='lat' dir='ltr'>quo</span> <span class='ocrx_word' id='word_1_160' title='bbox 171 3089 267 3169; x_wconf 89' lang='lat' dir='ltr'>magis</span> <span class='ocrx_word' id='word_1_161' title='bbox 289 3087 341 3149; x_wconf 91' lang='lat' dir='ltr'>illa</span> <span class='ocrx_word' id='word_1_162' title='bbox 363 3087 452 3150; x_wconf 90' lang='lat' dir='ltr'>Urbis</span> <span class='ocrx_word' id='word_1_163' title='bbox 474 3091 603 3169; x_wconf 92' lang='lat' dir='ltr'>irruptio</span> <span class='ocrx_word' id='word_1_164' title='bbox 625 3092 837 3172; x_wconf 86' lang='lat' dir='ltr'>indignatione</span> <span class='ocrx_word' id='word_1_165' title='bbox 860 3092 917 3152; x_wconf 88' lang='lat' dir='ltr'>Dei</span> <span class='ocrx_word' id='word_1_166' title='bbox 940 3101 1023 3170; x_wconf 89' lang='lat' dir='ltr'>aeta,</span> <span class='ocrx_word' id='word_1_167' title='bbox 1041 3111 1140 3172; x_wconf 70' lang='lat' dir='ltr'>‘quam</span> 
     </span>
     <span class='ocr_line' id='line_1_25' title="bbox 84 3179 1140 3269; baseline 0.003 -19"><span class='ocrx_word' id='word_1_168' title='bbox 84 3189 182 3250; x_wconf 89' lang='lat' dir='ltr'>hostis</span> <span class='ocrx_word' id='word_1_169' title='bbox 205 3179 385 3250; x_wconf 80' lang='lat' dir='ltr'>fortitudine</span> <span class='ocrx_word' id='word_1_170' title='bbox 407 3189 603 3268; x_wconf 82' lang='lat' dir='ltr'>probaretur,</span> <span class='ocrx_word' id='word_1_171' title='bbox 631 3197 666 3252; x_wconf 92' lang='lat' dir='ltr'>ut</span> <span class='ocrx_word' id='word_1_172' title='bbox 693 3191 802 3253; x_wconf 90' lang='lat' dir='ltr'>beatus</span> <span class='ocrx_word' id='word_1_173' title='bbox 829 3190 1043 3269; x_wconf 91' lang='lat' dir='ltr'>Innocentius,</span> <span class='ocrx_word' id='word_1_174' title='bbox 1072 3190 1140 3253; x_wconf 88' lang='lat' dir='ltr'>Ro-</span> 
     </span>
     <span class='ocr_line' id='line_1_26' title="bbox 86 3289 1140 3372; baseline 0.005 -24"><span class='ocrx_word' id='word_1_175' title='bbox 86 3307 195 3350; x_wconf 84' lang='lat' dir='ltr'>manae</span> <span class='ocrx_word' id='word_1_176' title='bbox 218 3289 370 3350; x_wconf 88' lang='lat' dir='ltr'>ecclesiae</span> <span class='ocrx_word' id='word_1_177' title='bbox 393 3291 569 3368; x_wconf 90' lang='lat' dir='ltr'>episcopus,</span> <span class='ocrx_word' id='word_1_178' title='bbox 593 3297 746 3372; x_wconf 86' lang='lat' dir='ltr'>tamquam</span> <span class='ocrx_word' id='word_1_179' title='bbox 765 3293 867 3372; x_wconf 88' lang='lat' dir='ltr'>justus</span> <span class='ocrx_word' id='word_1_180' title='bbox 889 3291 946 3354; x_wconf 88' lang='lat' dir='ltr'>Lot</span> <span class='ocrx_word' id='word_1_181' title='bbox 968 3291 1140 3353; x_wconf 88' lang='lat' dir='ltr'>subtractus</span> 
     </span>
     <span class='ocr_line' id='line_1_27' title="bbox 86 3388 1142 3472; baseline 0.004 -22"><span class='ocrx_word' id='word_1_182' title='bbox 86 3407 105 3450; x_wconf 89' lang='lat' dir='ltr'>a</span> <span class='ocrx_word' id='word_1_183' title='bbox 128 3388 282 3466; x_wconf 77' lang='lat' dir='ltr'>Sodomis,</span> <span class='ocrx_word' id='word_1_184' title='bbox 311 3388 431 3450; x_wconf 88' lang='lat' dir='ltr'>occulta</span> <span class='ocrx_word' id='word_1_185' title='bbox 458 3390 650 3471; x_wconf 84' lang='lat' dir='ltr'>providentia</span> <span class='ocrx_word' id='word_1_186' title='bbox 676 3392 735 3454; x_wconf 88' lang='lat' dir='ltr'>Dei</span> <span class='ocrx_word' id='word_1_187' title='bbox 760 3393 841 3472; x_wconf 90' lang='lat' dir='ltr'>apud</span> <span class='ocrx_word' id='word_1_188' title='bbox 865 3391 1040 3454; x_wconf 87' lang='lat' dir='ltr'>Ravennam</span> <span class='ocrx_word' id='word_1_189' title='bbox 1069 3399 1142 3455; x_wconf 91' lang='lat' dir='ltr'>tunc</span> 
     </span>
     <span class='ocr_line' id='line_1_28' title="bbox 86 3489 1209 3569; baseline 0.003 -19"><span class='ocrx_word' id='word_1_190' title='bbox 86 3489 220 3569; x_wconf 89' lang='lat' dir='ltr'>positus,</span> <span class='ocrx_word' id='word_1_191' title='bbox 248 3491 418 3568; x_wconf 89' lang='lat' dir='ltr'>peccatoris</span> <span class='ocrx_word' id='word_1_192' title='bbox 443 3490 549 3569; x_wconf 91' lang='lat' dir='ltr'>populi</span> <span class='ocrx_word' id='word_1_193' title='bbox 574 3507 636 3552; x_wconf 93' lang='lat' dir='ltr'>non</span> <span class='ocrx_word' id='word_1_194' title='bbox 658 3493 779 3556; x_wconf 88' lang='lat' dir='ltr'>videret</span> <span class='ocrx_word' id='word_1_195' title='bbox 801 3493 964 3556; x_wconf 88' lang='lat' dir='ltr'>excidium.</span> <span class='ocrx_word' id='word_1_196' title='bbox 1010 3495 1141 3555; x_wconf 81' lang='lat' dir='ltr'>Discus·</span> <span class='ocrx_word' id='word_1_197' title='bbox 1206 3557 1209 3564; x_wconf 59' lang='grc'>,</span> 
     </span>
     <span class='ocr_line' id='line_1_29' title="bbox 87 3589 1142 3678; baseline 0.004 -28"><span class='ocrx_word' id='word_1_198' title='bbox 87 3589 227 3651; x_wconf 80' lang='lat' dir='ltr'>rentibus</span> <span class='ocrx_word' id='word_1_199' title='bbox 250 3591 355 3668; x_wconf 89' lang='lat' dir='ltr'>itaque</span> <span class='ocrx_word' id='word_1_200' title='bbox 377 3607 432 3669; x_wconf 91' lang='lat' dir='ltr'>per</span> <span class='ocrx_word' id='word_1_201' title='bbox 454 3589 565 3652; x_wconf 90' lang='lat' dir='ltr'>Urbem</span> <span class='ocrx_word' id='word_1_202' title='bbox 587 3591 736 3678; x_wconf 80' lang='lat' dir='ltr'>barbaris,</span> <span class='ocrx_word' id='word_1_203' title='bbox 759 3591 838 3656; x_wconf 83' lang='lat' dir='ltr'>sorte</span> <span class='ocrx_word' id='word_1_204' title='bbox 861 3612 940 3655; x_wconf 85' lang='lat' dir='ltr'>unus</span> <span class='ocrx_word' id='word_1_205' title='bbox 964 3592 1142 3672; x_wconf 89' lang='lat' dir='ltr'>Gothorum,</span> 
     </span>
     <span class='ocr_line' id='line_1_30' title="bbox 88 3689 1143 3774; baseline 0.005 -24"><span class='ocrx_word' id='word_1_206' title='bbox 88 3689 233 3769; x_wconf 90' lang='lat' dir='ltr'>idemque</span> <span class='ocrx_word' id='word_1_207' title='bbox 255 3697 364 3770; x_wconf 89' lang='lat' dir='ltr'>potens</span> <span class='ocrx_word' id='word_1_208' title='bbox 387 3697 418 3752; x_wconf 89' lang='lat' dir='ltr'>et</span> <span class='ocrx_word' id='word_1_209' title='bbox 440 3690 645 3772; x_wconf 84' lang='lat' dir='ltr'>Christianus,</span> <span class='ocrx_word' id='word_1_210' title='bbox 671 3711 787 3758; x_wconf 88' lang='lat' dir='ltr'>sacram</span> <span class='ocrx_word' id='word_1_211' title='bbox 810 3694 876 3756; x_wconf 91' lang='lat' dir='ltr'>Deo</span> <span class='ocrx_word' id='word_1_212' title='bbox 903 3693 1056 3774; x_wconf 88' lang='lat' dir='ltr'>virginem</span> <span class='ocrx_word' id='word_1_213' title='bbox 1079 3695 1143 3774; x_wconf 85' lang='lat' dir='ltr'>jam</span> 
     </span>
     <span class='ocr_line' id='line_1_31' title="bbox 89 3792 1139 3874; baseline 0.001 -23"><span class='ocrx_word' id='word_1_214' title='bbox 89 3796 189 3851; x_wconf 90' lang='lat' dir='ltr'>aetate</span> <span class='ocrx_word' id='word_1_215' title='bbox 218 3798 411 3869; x_wconf 85' lang='lat' dir='ltr'>provectam,</span> <span class='ocrx_word' id='word_1_216' title='bbox 439 3792 472 3853; x_wconf 91' lang='lat' dir='ltr'>in</span> <span class='ocrx_word' id='word_1_217' title='bbox 500 3793 641 3874; x_wconf 84' lang='lat' dir='ltr'>quadam·</span> <span class='ocrx_word' id='word_1_218' title='bbox 657 3795 864 3858; x_wconf 88' lang='lat' dir='ltr'>ecclesiastica</span> <span class='ocrx_word' id='word_1_219' title='bbox 892 3793 982 3856; x_wconf 84' lang='lat' dir='ltr'>domo</span> <span class='ocrx_word' id='word_1_220' title='bbox 1009 3793 1139 3873; x_wconf 91' lang='lat' dir='ltr'>reperit:</span> 
     </span>
     <span class='ocr_line' id='line_1_32' title="bbox 89 3891 1143 3976; baseline 0.003 -25"><span class='ocrx_word' id='word_1_221' title='bbox 89 3907 223 3970; x_wconf 88' lang='lat' dir='ltr'>cumque</span> <span class='ocrx_word' id='word_1_222' title='bbox 252 3891 289 3951; x_wconf 89' lang='lat' dir='ltr'>ab</span> <span class='ocrx_word' id='word_1_223' title='bbox 320 3909 356 3953; x_wconf 85' lang='lat' dir='ltr'>ea</span> <span class='ocrx_word' id='word_1_224' title='bbox 390 3911 497 3957; x_wconf 86' lang='lat' dir='ltr'>aurum</span> <span class='ocrx_word' id='word_1_225' title='bbox 529 3902 754 3976; x_wconf 80' lang='lat' dir='ltr'>argentumque</span> <span class='ocrx_word' id='word_1_226' title='bbox 786 3894 916 3956; x_wconf 87' lang='lat' dir='ltr'>honeste</span> <span class='ocrx_word' id='word_1_227' title='bbox 951 3897 1143 3974; x_wconf 87' lang='lat' dir='ltr'>exposceret,</span> 
     </span>
     <span class='ocr_line' id='line_1_33' title="bbox 89 3972 1134 4077; baseline 0.003 -24"><span class='ocrx_word' id='word_1_228' title='bbox 89 3972 141 4054; x_wconf 84' lang='lat' dir='ltr'>illa</span> <span class='ocrx_word' id='word_1_229' title='bbox 164 3990 247 4054; x_wconf 86' lang='lat' dir='ltr'>fideli</span> <span class='ocrx_word' id='word_1_230' title='bbox 269 3994 465 4056; x_wconf 83' lang='lat' dir='ltr'>constantia:¹</span> <span class='ocrx_word' id='word_1_231' title='bbox 480 4009 549 4058; x_wconf 86' lang='lat' dir='ltr'>esse</span> <span class='ocrx_word' id='word_1_232' title='bbox 569 3996 649 4074; x_wconf 86' lang='lat' dir='ltr'>apud</span> <span class='ocrx_word' id='word_1_233' title='bbox 672 4012 707 4058; x_wconf 88' lang='lat' dir='ltr'>so</span> <span class='ocrx_word' id='word_1_234' title='bbox 728 3989 892 4077; x_wconf 84' lang='lat' dir='ltr'>plurimum</span> <span class='ocrx_word' id='word_1_235' title='bbox 921 4001 953 4059; x_wconf 90' lang='lat' dir='ltr'>ct</span> <span class='ocrx_word' id='word_1_236' title='bbox 974 4012 1045 4058; x_wconf 82' lang='lat' dir='ltr'>mou</span> <span class='ocrx_word' id='word_1_237' title='bbox 1065 4005 1134 4075; x_wconf 50' lang='lat' dir='ltr'>pror</span> 
     </span>
    </p>
   </div>
   <div class='ocr_carea' id='block_1_9' title="bbox 956 4114 987 4166">
    <p class='ocr_par' dir='ltr' id='par_1_9' title="bbox 956 4114 987 4166">
     <span class='ocr_line' id='line_1_34' title="bbox 956 4114 987 4166; baseline 0.129 -4"><span class='ocrx_word' id='word_1_238' title='bbox 956 4114 987 4166; x_wconf 82' lang='lat'>21</span> 
     </span>
    </p>
   </div>
   <div class='ocr_carea' id='block_1_10' title="bbox 0 0 1344 4434">
    <p class='ocr_par' dir='ltr' id='par_1_10' title="bbox 0 0 1344 4434">
     <span class='ocr_line' id='line_1_35' title="bbox 0 0 1344 4434; baseline 0 0"><span class='ocrx_word' id='word_1_239' title='bbox 0 0 1344 4434; x_wconf 95' lang='lat' dir='ltr'> </span> 
     </span>
    </p>
   </div>
  </div>
 </body>
</html>
