2634 4434
562 323 610 394 63

389 527 583 711 bapti
633 569 783 680 xttl
1023 607 1111 698 [tao]

77 788 347 856 Atheniensibus
374 792 479 858 certia
506 791 637 876 lapibus
664 811 707 859 ue
736 789 989 858 conditionibus
1015 800 1094 877 poe

76 892 198 970 detur,
222 893 427 977 tripintuque
447 898 601 960 rectores
622 894 894 971 constituuntur,
917 893 990 977 qui,
1013 912 1091 959 curn

138 995 355 1080 tyrannidem
376 997 598 1077 exercerent,
622 993 832 1080 Thrasybuli
852 993 1027 1061 industrio

371 1105 374 1108 ·
474 1097 573 1178 ejecti
600 1097 692 1161 runt

138 1261 249 1346 blegne
271 1263 344 1328 hino
366 1266 447 1328 inter
469 1239 634 1346 Spartanos
655 1273 688 1328 et
709 1265 810 1327 socios
831 1262 1014 1326 deliberatio
1041 1262 1110 1341 luit,

51 1381 122 1425 oum
161 1365 285 1444 plurimi
322 1365 576 1446 inquietissimam
613 1367 769 1430 civitatem
803 1365 1000 1426 sternendam
1031 1365 1110 1441 solo,

52 1463 265 1544 populumque
298 1467 529 1529 infestissimum
562 1485 632 1529 cum
667 1469 734 1549 ipso
766 1464 891 1527 nornine
923 1463 1110 1526 abolendum

51 1564 306 1642 pronuntiarent:
332 1566 472 1644 Spartani
493 1575 702 1647 negaverunt,
725 1585 760 1629 se
787 1565 1007 1646 permissuros,
1033 1569 1110 1624 uto

50 1663 177 1725 duobus
211 1661 361 1726 Graeciae
394 1664 492 1726 oeulis
525 1683 605 1726 unus
638 1674 816 1728 erueretur:
854 1667 981 1743 insuper
1017 1664 1109 1724 etiam

51 1780 158 1842 paoem
187 1764 410 1844 promiserunt,
437 1765 465 1825 si
492 1765 609 1827 Piraeei
636 1773 742 1846 portus
769 1765 914 1828 ducentia
941 1765 975 1824 in
1001 1761 1110 1822 urbem

51 1865 221 1926 munimina
244 1871 471 1942 everterentur,
495 1881 652 1946 navesque
673 1867 810 1946 reliquas
831 1864 913 1926 ultro
935 1862 1107 1924 traderent:

52 1961 166 2026 deinde
199 1965 227 2026 si
255 1971 392 2026 rectores
417 1965 478 2026 sibi
507 1966 631 2048 triginta
658 1965 756 2028 laetos
784 1964 985 2044 susciperent.
1029 1960 1109 2022 Huic

51 2065 222 2128 conditioni
245 2064 374 2126 addictis
401 2072 434 2126 et
461 2066 750 2143 succumbentibus,
775 2063 1013 2135 Lacedaemonii
1039 2062 1106 2142 Ly-

50 2165 195 2226 sandrum
214 2166 254 2228 ad
267 2165 495 2245 componendas
518 2167 549 2228 in
571 2166 649 2229 urbe
671 2164 799 2248 parendi
820 2165 907 2245 leges
929 2163 1106 2224 constitue-

51 2273 128 2328 runt
174 2255 307 2348 Insignis
329 2265 380 2328 hio
401 2283 499 2328 annus
520 2273 554 2328 et
579 2267 811 2356 expugnatione
837 2263 1044 2350 Athenarum,
1072 2263 1106 2322 et

52 2373 150 2428 morta
177 2365 279 2444 Darii,
306 2367 466 2430 Persarum
493 2367 591 2449 regis,
614 2374 647 2430 et
668 2367 779 2430 exsilio
800 2363 958 2444 Dionysii,
981 2360 1106 2425 Siciliae

53 2467 191 2546 tyranni,
213 2465 280 2530 luit.
324 2467 422 2549 Igitur
444 2468 568 2548 triginta
590 2473 729 2528 reetores
751 2462 994 2526 Atheniensibus
1014 2460 1104 2520 ordi-

53 2569 125 2645 nati,
149 2568 273 2650 triginta
292 2569 418 2648 tyranni
439 2567 638 2628 exoriuuuu:
663 2566 717 2645 qui
731 2564 830 2645 primo
844 2578 879 2624 so
900 2554 1106 2639 tribus[13⁴ll

53 2669 187 2731 millibus
208 2670 373 2732 satellitum
394 2669 523 2748 stipant,
553 2682 624 2727 mox
645 2665 738 2728 eliam
759 2664 972 2744 septingentos
993 2659 1107 2722 milites

55 2769 178 2830 victoris
213 2770 371 2832 exereitus
407 2767 554 2830 latoribus
590 2767 654 2828 suis
690 2768 941 2843 circumponunt:
979 2759 1105 2821 coemto

54 2871 189 2932 omnium
218 2870 330 2951 passim
363 2868 512 2945 loturam,
545 2869 647 2929 oooiso
681 2864 858 2941 Alcibiade,
890 2861 1104 2940 auspicantur:

54 2973 105 3050 qui
134 2969 273 3053 fugiens,
301 2971 334 3031 in
360 2970 472 3031 itinere
499 2968 622 3030 clausus
649 2964 810 3042 eubiculo,
843 2965 933 3026 vivus
960 2961 1105 3022 incensas

54 3079 115 3150 est,
151 3090 212 3152 quo
241 3069 404 3133 interiecto
437 3069 525 3150 quasi
552 3068 673 3131 sublato
701 3066 801 3128 ultore
828 3063 947 3144 securi,
975 3061 1106 3122 miserae

55 3173 139 3235 urbis
159 3171 308 3252 reliquias
329 3169 476 3232 caedibus
497 3169 675 3250 rapinisque
696 3165 891 3230 exhauriunt.
934 3161 1105 3223 'therame-

56 3289 123 3334 nem
148 3289 289 3352 quoque,
312 3289 406 3333 unum
435 3289 476 3332 ex
503 3286 631 3332 numero
660 3285 732 3343 suo,
760 3264 812 3326 oui
838 3264 915 3324 haec
943 3259 1106 3338 displicere

54 3380 227 3451 senserunt,
250 3372 471 3452 inexemplum
494 3373 699 3446 timoremque
719 3364 920 3444 reliquorum,
943 3357 1105 3420 trucidant.

56 3473 161 3554 ltaque
183 3490 289 3536 omnes
317 3472 427 3553 passim
457 3489 498 3540 ex
530 3468 607 3539 urbe
640 3465 820 3548 diffugiunt,
851 3463 908 3526 sed
940 3460 1106 3539 interdictu

56 3572 375 3652 Lacedaemoniorum,
397 3589 467 3635 eum
490 3587 545 3652 per
566 3576 659 3632 totam
681 3566 839 3628 Graeciam
861 3562 1022 3626 exsulibus
1043 3576 1105 3620 ne·

57 3681 181 3753 geretur
202 3674 377 3755 hospitium,
400 3689 507 3736 omnes
529 3689 563 3734 se
585 3671 686 3752 Argos
707 3685 744 3730 ae
757 3665 877 3728 Thebas
890 3661 1104 3725 eoumleruut:

59 3773 110 3834 ubi
132 3775 173 3838 ita
195 3773 407 3856 hospitalitatis
430 3773 580 3854 obsequio
602 3766 658 3833 toti
680 3775 762 3845 sunt,
785 3773 819 3828 ut
840 3781 903 3826 non
924 3761 1022 3822 solum
1043 3755 1104 3816 do·

60 3871 152 3936 loram
175 3875 305 3940 amissae
327 3875 443 3956 patriae
464 3873 615 3950 lenirent,
643 3864 752 3934 verum
779 3866 870 3928 etiam
896 3875 981 3938 spem
1008 3872 1105 3916 reeu-

40 3976 211 4050 xpotandae
245 3975 473 4040 meditarentur.
522 3972 595 4035 Erat
625 3972 707 4034 inter
738 3963 864 4030 exsules
888 3955 1106 4040 Thrasybulus,
