2634 4434
612 307 819 415 „Q

133 598 137 605 .
190 541 277 627 [421]
306 543 461 607 delissime
490 543 661 605 trucidatis:
688 542 795 622 ibique
823 548 854 603 et
880 540 1041 621 Pompeius
1062 540 1245 622 Bithynicus

189 647 309 707 occisus
330 651 383 705 est.
427 642 574 728 Lentulus
595 661 682 721 vero,
705 645 754 705 vir
775 642 955 716 consularis,
986 641 1065 720 apud
1088 641 1242 702 Pelusium

188 744 369 806 interiectus
392 749 445 804 est.
484 742 605 819 Caesar,
628 745 804 823 compositis
827 741 907 822 apud
929 740 1114 802 Thessaliam
1137 740 1243 816 rebus,

188 843 403 905 Alexandriam
432 843 533 921 veuit,
561 843 743 924 perlatoque
764 843 802 904 ad
824 860 859 905 se
880 860 917 903 ac
938 843 1005 903 viso
1027 841 1163 921 Pompeii
1186 860 1242 901 ca-

188 944 250 1023 pite
282 942 458 1021 annuloque
486 942 586 1004 llevit:
623 944 761 1025 Cumque
791 960 825 1005 se
853 944 885 1004 in
912 942 1029 1022 regiam
1062 942 1244 1020 recepisset,

189 1042 372 1104 eludebatur
400 1061 417 1103 a
450 1042 618 1120 tutoribus,
653 1061 715 1123 quo
750 1046 850 1106 miuus
882 1043 1043 1123 pecuniam
1077 1041 1244 1121 acciperet,

188 1142 299 1223 templa
322 1160 377 1205 sua
400 1151 467 1206 astu
489 1144 702 1224 spoliantibus,
725 1152 759 1205 ut
782 1152 813 1207 et
834 1145 938 1224 regios
953 1142 1112 1203 thesauros
1128 1157 1244 1203 vacuos

189 1260 258 1305 esse
281 1244 494 1321 ostenderent,
519 1253 549 1306 et
571 1232 602 1306 iu
631 1245 777 1307 iuvidiam
801 1245 939 1307 Caesaris
961 1242 1107 1321 populum
1130 1242 1243 1302 conci-

188 1352 296 1406 tarent.
330 1344 491 1405 Praeterea
506 1344 641 1407 Achillas
665 1345 727 1406 dux
748 1345 864 1425 regius,
887 1342 1021 1405 imbutus
1036 1340 1134 1403 semel
1149 1341 1243 1402 Pom-

188 1445 251 1523 peii
272 1446 439 1524 sanguiue,
467 1444 606 1507 Caesaris
633 1463 759 1526 quoque
781 1463 890 1508 necem
912 1442 1123 1505 meditabatur.
1166 1440 1244 1501 Nam

184 1546 289 1624 jussus
323 1544 491 1605 exercitum
526 1545 695 1623 dimittere,
730 1547 780 1607 cui
802 1551 957 1626 praeerat,
980 1543 1090 1623 viginti
1114 1542 1243 1602 millium

188 1650 387 1722 armatorum,
416 1661 477 1705 nou
507 1648 596 1707 modo
623 1647 740 1726 sprevit
761 1648 938 1725 imperium,
962 1661 1069 1705 verum
1088 1650 1123 1703 et
1144 1644 1245 1703 aciem

189 1743 309 1805 direxit.
354 1744 388 1805 ln
412 1746 477 1825 ipso
500 1747 615 1826 praelio
637 1746 724 1827 regia
747 1745 852 1809 classis
874 1744 953 1806 sorte
976 1743 1126 1805 subducta
1143 1741 1244 1821 jube-

188 1852 238 1905 tur
267 1846 399 1908 iucendi.
442 1844 486 1907 Ea
515 1846 633 1909 llamrna
661 1866 730 1908 cum
763 1854 877 1927 partem
912 1862 1036 1925 quoque
1068 1843 1155 1904 urbis
1189 1844 1244 1903 in-

188 1945 331 2021 vasisset,
360 1946 582 2027 quadringenta
611 1947 705 2009 millia
727 1947 872 2009 librorum
900 1945 1047 2027 proximis
1075 1943 1155 2005 sorte
1183 1961 1244 2005 ae-

189 2044 278 2106 dibus
301 2044 422 2107 condita
445 2049 576 2109 exussit:
598 2048 755 2127 singulare
777 2047 915 2127 prolecto
935 2046 1155 2107 monimentum
1170 2051 1245 2106 stu-

189 2144 230 2207 dii
261 2162 416 2224 curaeque
445 2145 609 2225 maj0rum,
638 2148 692 2227 qui
720 2154 764 2208 tot
793 2154 937 2227 tantaque
960 2146 1125 2207 illustrium
1147 2146 1245 2226 iuge-

188 2246 308 2307 niorum
332 2263 424 2325 opera
446 2256 674 2328 congesserant.
720 2248 806 2310 Unde
833 2247 1001 2328 quamlibet
1027 2245 1182 2325 hodieque
1212 2247 1249 2305 iu

189 2346 309 2424 templis
332 2352 468 2422 exstent,
492 2365 571 2426 quae
601 2356 631 2409 et
661 2366 717 2410 nos
743 2349 891 2424 vidimus,
919 2348 1048 2409 armaria
1077 2346 1246 2407 librorum:

190 2445 301 2524 quibus
335 2445 461 2526 direptis
489 2448 645 2511 exinanita
673 2468 710 2511 ea
739 2468 757 2510 a
785 2450 896 2510 nostris
923 2447 1097 2509 homiuibus
1131 2446 1249 2507 nostris

189 2545 376 2624 temporibus
410 2556 594 2627 memorent,
629 2550 711 2629 quod
746 2550 868 2629 quidem
902 2567 1008 2611 verum
1044 2554 1105 2609 est:
1141 2554 1248 2607 tamea

189 2644 348 2706 honestius
369 2645 513 2723 creditur,
536 2648 611 2708 alios
634 2649 729 2711 libros
752 2649 847 2711 luisse
870 2649 1112 2729 quaesitos,.qui
1135 2648 1248 2727 pristi-

190 2761 244 2806 nas
267 2746 435 2808 studiorum
459 2765 547 2809 curas
570 2748 806 2827 aemularentur,
830 2768 920 2830 quarn
943 2750 1032 2810 aliam
1055 2748 1146 2809 ullam
1170 2754 1249 2807 tunc

191 2841 276 2927 [422]
301 2845 396 2909 luisse
420 2847 652 2931 bibliothecam,
679 2868 759 2931 quae
790 2857 876 2911 extra
905 2850 1127 2930 quadringenta
1149 2848 1250 2909 millia

190 2945 337 3007 librorum
372 2945 484 3022 luisse,
518 2966 553 3007 ac
587 2966 641 3026 per
672 2949 731 3009 hoc
765 2952 900 3012 evasisse
934 2950 1083 3011 credatur.
1133 2947 1250 3009 Caesar

189 3052 295 3124 postca
327 3043 472 3123 insulam,
501 3046 554 3109 ubi
581 3047 694 3110 Pharus
717 3056 779 3128 est,
802 3052 891 3131 cepit.
935 3049 981 3110 Eo
1008 3047 1145 3111 Achillas
1174 3066 1279 3110 cum*

141 3190 146 3201 .
189 3142 368 3215 1[ἷαῦἰηίειηίε
401 3147 548 3210 militibus
580 3150 674 3211 veuit.
720 3151 832 3232 lugens
865 3169 967 3231 pugna
997 3150 1158 3212 commissa
1187 3158 1248 3226 est,

191 3264 299 3325 magna
319 3246 361 3307 ibi
378 3246 626 3310 caesarianorum
651 3251 778 3312 militum
803 3251 963 3312 mullitudo
987 3250 1112 3312 cecidit:
1137 3266 1250 3311 omues

191 3346 281 3405 otiam
304 3346 518 3411 interfectores
540 3350 675 3429 Pompeii
697 3351 853 3413 interlecti
875 3356 960 3412 sunt:
992 3350 1103 3412 Caesar
1130 3350 1162 3410 vi
1193 3351 1249 3409 irr-

190 3444 362 3505 sisteutium
386 3445 516 3509 hostium
545 3467 684 3527 pressus,
711 3452 855 3531 scapham
881 3450 1054 3512 adscendit:
1086 3467 1146 3528 qua
1175 3467 1252 3510 mox

190 3543 326 3621 pondere
349 3544 601 3625 subsequentium
625 3558 749 3629 gravata
771 3570 807 3613 ac
830 3568 944 3627 mersa,
974 3568 1030 3629 per
1057 3548 1252 3627 depassus
1316 3542 1317 3551 ἶ

190 3643 228 3704 ad
250 3661 358 3704 navem
381 3662 442 3706 una
464 3664 555 3707 manu
578 3647 707 3725 elevata,
731 3668 791 3727 qua
814 3649 932 3711 chartas
953 3649 1089 3725 tenebat,
1112 3649 1252 3710 natando

190 3744 348 3820 pervenit,
373 3761 443 3805 mox
471 3746 571 3809 navali
600 3749 767 3807 certamine
794 3750 930 3827 pulsatus
959 3766 1068 3829 magna
1097 3746 1251 3810 felicitate

192 3840 319 3901 classem
340 3844 456 3922 regiam
479 3852 532 3906 aut
554 3845 706 3924 depressit
727 3854 779 3908 aut
801 3850 890 3927 cepit.

1301 3929 1315 4398 l
