2634 4434
570 367 594 444 5.

54 608 160 685 dubio,
183 615 236 672 aut
258 606 416 672 manifesta
440 615 564 690 peecata
587 616 671 684 sunt,
692 615 746 671 aut
767 608 907 672 occuitum
935 598 1110 689 punitiones

54 715 268 790 peecatorum)
302 710 375 790 quid
412 710 622 791 impedimenti
655 718 720 798 cst,
753 727 811 772 nos
842 709 910 790 ejus
941 711 988 771 rci
1020 717 1112 791 caput

54 811 206 890 panatere,
235 812 324 892 cujus
358 811 402 872 itti
435 827 545 892 corpus
579 811 811 891 expresserint?
856 810 894 874 Et
927 812 1027 892 priora
1060 811 1112 873 itta

54 911 188 990 saecuta,
211 930 291 993 quae
307 912 402 974 mutto
418 913 627 976 numerosiora
643 912 889 991 monstrabimus,
912 912 963 974 vei
986 912 1110 974 tenuis-

53 1014 133 1074 simc
162 1013 266 1078 testari
293 1012 393 1076 relatu
421 1013 538 1078 similes
565 1015 705 1077 miserias
738 1011 923 1094 pertulisset
966 1013 1112 1076 Dicturus

53 1115 151 1195 igitur
171 1113 209 1176 ab
233 1103 315 1178 Orbe
338 1115 461 1178 condito
485 1116 643 1196 usquead
667 1114 779 1178 Urbem
801 1115 971 1192 conditam,
998 1113 1112 1178 debinc

53 1232 155 1295 usque
177 1215 216 1277 ad
238 1215 377 1280 Caesaris
399 1217 613 1296 principatum,
637 1218 892 1298 nativitatemque
913 1216 1043 1294 Christi,
1072 1233 1112 1276 en

52 1335 116 1396 quc
145 1315 202 1378 sub
229 1323 380 1396 potestate
407 1317 497 1382 Urbis
524 1317 616 1382 Orbis
649 1320 816 1400 permansit
848 1319 1026 1399 imperiume
1061 1316 1111 1379 vet

51 1419 146 1480 etiarn
170 1417 328 1499 usquead
351 1418 418 1480 dies
440 1427 576 1498 nostros,
605 1421 637 1482 in
664 1428 812 1500 quantum
840 1421 879 1482 nd
901 1419 1111 1501 cognitionem

51 1537 166 1582 vacare
193 1518 363 1595 suffecero,
392 1519 637 1584 conflictationes
664 1521 792 1602 generis
813 1520 938 1584 hnmani
960 1527 993 1583 et
1013 1519 1111 1582 vetuti

51 1639 107 1701 per
131 1618 271 1682 diversas
293 1626 395 1697 partes
417 1620 575 1684 ardentem
599 1621 687 1684 malis
710 1622 872 1701 mundum,
895 1621 963 1686 iace
985 1619 1111 1701 cupidi-

52 1722 122 1784 tatis
148 1721 325 1796 inoensum,
353 1738 371 1780 e
400 1720 525 1799 specula
552 1729 777 1798 ostentaturus,
799 1723 1008 1785 necessarium
1029 1737 1112 1798 reor,

52 1829 86 1884 ut
109 1822 240 1902 primurn
265 1821 362 1900 ipsum
387 1827 535 1884 terrarum
559 1821 681 1900 urbem,
710 1840 802 1903 quem
828 1823 977 1886 inhabitat
999 1821 1111 1884 buma-

52 1942 126 1985 num
161 1939 279 2004 genus,
312 1922 392 1984 sicut
425 1928 473 1983 est
504 1941 520 1986 a
550 1923 717 2004 majoribus
745 1922 892 1988 trifariam
920 1923 1112 2003 distributus,

52 2023 168 2104 deinde
195 2021 376 2105 regionibus
403 2023 634 2105 provinciisque
661 2024 901 2103 determinatus;
934 2025 1110 2106 expediam:

54 2143 118 2206 quo
152 2125 272 2188 iacitius
300 2143 369 2186 cum
403 2123 518 2186 locales
551 2124 701 2188 bellorum
736 2127 975 2209 morborumque
1008 2126 1113 2188 stades

55 2226 309 2304 ostentabuntur,
336 2227 465 2290 studiosi
494 2227 611 2308 quique
637 2245 698 2288 non
721 2229 820 2290 scium
844 2247 947 2292 rerum
969 2247 1006 2290 se
1029 2234 1112 2288 tem-

56 2347 175 2408 porum,
198 2328 252 2390 sed
276 2329 366 2392 etiam
391 2328 526 2390 iocorum
549 2329 711 2415 scientiam
733 2337 972 2410 consequantur.

428 2581 623 2719 taput
676 2579 736 2690 tt
1047 2596 1113 2682 uu

58 2789 216 2874 Majores
245 2789 409 2855 mundum
436 2787 472 2853 ira
505 2793 577 2854 tres
606 2793 727 2874 portes
758 2790 934 2874 divisisse,
967 2808 1114 2874 otacrum

99 2893 215 2975 situm,
237 2892 407 2980 repiones,
430 2892 573 2976 locaque
594 2891 981 2959 celebriora-succincte
1002 2891 1072 2956 cd·

414 2996 552 3059 modium
578 2994 750 3061 describit.

143 3151 275 3232 Majores
299 3153 393 3214 nostri
417 3151 521 3213 orbem
546 3151 639 3214 totius
662 3158 774 3228 terrae,
798 3149 914 3212 Oceani
937 3148 1031 3212 limbo
1046 3148 1113 3208 cir-

59 3260 261 3333 cumseptum,
278 3253 466 3333 triquadrum
481 3254 633 3315 statuere:
651 3253 782 3333 ejusque
798 3258 861 3311 tres
877 3257 988 3330 partes,
1002 3241 1115 3331 Asiam,

58 3353 209 3434 Europam
234 3351 413 3416 etAsricam
438 3361 641 3418 vocaverunt:
667 3353 808 3433 quamvis
829 3351 925 3432 aliqui
948 3350 1033 3428 duaS,
1056 3349 1114 3411 hcc

59 3465 120 3532 est,
149 3455 270 3532 Asiam,
297 3474 334 3517 ac
362 3456 475 3517 deinde
502 3456 637 3516 Africam
667 3456 697 3516 in
726 3452 877 3535 Europum
906 3452 1113 3533 accipiendam

59 3557 201 3636 putarint.
246 3555 318 3619 Asia
349 3556 446 3618 tribus
473 3555 609 3637 partibus
637 3555 761 3619 Oceano
795 3558 1027 3632 circumcincta,
1061 3570 1116 3632 per

31 3665 33 3736 ξ
60 3665 151 3720 totam
180 3659 347 3722 transversi
377 3658 494 3740 plagam
522 3658 650 3720 orientis
678 3659 864 3720 extenditur.
909 3657 992 3720 Haec
1020 3673 1114 3716 ceca-

32 3747 34 3796 1
60 3778 126 3822 sum
148 3777 274 3838 versus,
297 3780 314 3822 a
338 3761 444 3823 deutra
466 3762 530 3837 sui,
557 3758 614 3822 sub
637 3778 696 3822 axe
716 3760 934 3840 septentrionis
957 3754 1115 3834 incipien-

62 3869 121 3925 tem
133 3861 457 3946 ccntingitEurcpam:
471 3862 621 3925 asinistra
633 3869 735 3925 autem
748 3860 882 3924 Africam
896 3856 1034 3919 dimittit:
1050 3849 1076 3935 [Ι
1086 3851 1115 3937 i}

42 3947 45 3956 ’
61 3963 118 4026 sub
141 3964 282 4048 Aegypto
305 3983 380 4027 vero
402 3971 434 4027 et
455 3963 543 4046 Syria
566 3981 649 4026 mare
676 3963 835 4037 Nostrum,
863 3955 945 4038 quod
973 3955 1116 4038 Magnum

35 4053 249 4145 {generaliter
271 4064 417 4143 dicimus,
446 4063 545 4128 babet.
573 4061 711 4152 'Europa
739 4060 860 4135 incipit,
889 4062 923 4116 ut
951 4056 1033 4158 dixi,
1058 4053 1116 4111 sub
