2634 4434
614 298 821 407 -a-ao*

190 554 360 600 concursus
389 554 429 598 ex
456 536 574 617 oppido.
620 535 739 611 Quibus
764 535 832 596 sine
855 532 994 613 periculo
1016 532 1249 613 praeliantibus,

92 718 94 723 Ι
192 638 330 699 Romani·
343 638 480 717 quamvis
502 636 702 717 pertinaciter
723 634 918 713 obsisterent,
945 632 1148 713 crebriusque
1171 649 1245 694 suo-

193 738 355 815 oederent,
383 737 557 817 complures
585 742 687 799 tamen
715 734 915 797 trucidantur.
958 733 1056 815 lgitur
1078 734 1250 793 exstruitur

193 856 289 918 agger
311 845 342 899 et
363 840 455 899 turris
477 838 589 917 pedum
618 838 794 918 sexaginta,
822 836 911 916 cujus
938 840 1048 897 uertex
1073 832 1250 912 adaequare

193 936 286 999 fontis
308 937 409 999 locum
432 945 551 1018 posset,
580 944 615 999 ut
640 937 692 1015 uel
719 952 881 1015 exaequo
903 935 964 997 tela
987 933 1099 1015 conjici
1122 939 1250 1014 queant,

193 1037 245 1100 vel
277 1037 473 1116 praecipitata
507 1038 641 1118 desuper
673 1054 816 1099 saxorum
849 1034 1006 1096 uolumina
1038 1050 1102 1095 non
1139 1034 1250 1094 timeri.

193 1136 344 1217 Oppidani
366 1145 479 1215 autem,
503 1138 556 1200 ubi
578 1137 747 1200 exanimari
768 1136 819 1198 siti
841 1152 904 1196 non
925 1134 1024 1196 solum
1046 1150 1160 1213 peoora
1183 1150 1250 1209 sua,

193 1255 300 1299 verum
337 1239 427 1300 etiam
462 1238 645 1300 inlirmiores
671 1236 828 1300 hominurn
855 1241 971 1296 aetates
999 1228 1252 1312 vident,oupas

192 1339 277 1417 pice,
305 1355 379 1400 sevo
409 1344 441 1398 et
461 1338 615 1399 scandulis
637 1337 785 1417 repletas,
808 1354 844 1397 ae
866 1334 978 1398 deinde
1001 1334 1137 1395 immisso
1161 1329 1249 1413 igne,

194 1438 227 1498 in
249 1454 343 1517 prona
366 1439 582 1518 praecipitant,
611 1455 727 1517 easque
756 1437 814 1517 ipsi
836 1442 899 1497 toto
922 1434 1032 1515 oppido
1054 1432 1147 1494 effusi
1167 1432 1250 1493 sub-

193 1543 373 1624 sequuntur.
410 1536 599 1600 Ardeatibus
621 1536 780 1615 machinis,
803 1555 873 1599 oum
894 1554 990 1617 grave
1012 1533 1160 1615 praelium
1185 1534 1251 1594 suis

195 1634 308 1699 Caesar
328 1655 364 1698 ao
386 1638 591 1716 periculosum
615 1639 746 1716 videret,
773 1637 914 1699 cohortes
937 1636 969 1696 in
991 1634 1122 1696 circuitu
1144 1631 1253 1713 oppidi

193 1738 240 1797 ire
261 1736 413 1799 velociter
433 1754 490 1817 per
510 1738 664 1801 occultum
688 1740 831 1817 imperat,
860 1743 952 1817 atque
979 1734 1117 1814 undique
1145 1733 1251 1795 subito

193 1843 312 1897 vastum
328 1836 490 1898 clamorem
513 1839 671 1901 adtollere.
709 1839 778 1912 Quo
793 1838 874 1900 lacto
889 1836 1076 1899 consternati
1091 1834 1250 1915 oppidani,

194 1936 266 1997 dum
288 1954 449 2000 recurrere
471 1938 508 1999 ad
532 1940 730 2001 muniendum
754 1940 897 2019 oppidum
926 1938 1049 2013 volunt,
1076 1934 1115 1996 ab
1143 1952 1250 2014 oppu-

193 2036 340 2115 guntione
368 2039 460 2098 turris
490 2038 539 2099 vel
568 2039 768 2101 demolitione
796 2039 919 2120 aggeris
950 2042 1156 2100 recesserunt.
1202 2033 1253 2094 llli

195 2132 285 2210 [lua]
313 2142 415 2198 tamen
444 2138 496 2217 qui
523 2138 561 2199 ad
588 2138 768 2201 incidendas
797 2137 891 2199 lentis
919 2154 1014 2198 venas
1039 2136 1096 2199 sub
1118 2134 1252 2197 obtentu

193 2237 316 2317 aggeris
337 2238 412 2315 tuti,
435 2240 594 2302 cuniculos
622 2240 853 2320 perfodiebant,
881 2245 1019 2317 repertos
1046 2238 1077 2298 in
1104 2236 1251 2298 abstruso

193 2352 340 2415 aquarum
369 2344 502 2415 meatus,
535 2358 591 2419 per
620 2341 714 2402 multa
741 2337 907 2402 dividendo
929 2339 1049 2399 tenuari
1071 2338 1104 2399 in
1125 2342 1250 2398 semet-

194 2436 279 2517 ipsis,
303 2438 505 2519 consumique
525 2438 675 2502 seeerunt.
712 2439 873 2520 Oppidani,
896 2436 982 2499 iente
1003 2439 1118 2501 siccato
1140 2436 1252 2498 ultima

194 2535 409 2617 desperatione
424 2540 572 2619 correpti,
589 2540 776 2602 deditionem
792 2540 841 2602 sui
856 2537 980 2600 iaciunt.
1019 2538 1131 2600 Caesar
1145 2543 1251 2598 autem

194 2637 346 2713 omnibus,
371 2638 423 2716 qui
446 2656 526 2700 arma
550 2640 693 2717 tulerant,
722 2656 829 2700 manus
851 2638 974 2700 sustulit
996 2646 1028 2699 et
1048 2640 1141 2700 vitam
1164 2637 1247 2699 reli-

195 2736 271 2814 quit,
295 2753 356 2815 quo
378 2738 517 2799 testatior
538 2745 621 2801 esset
642 2739 734 2800 etiam
757 2739 887 2818 posteris
908 2756 1008 2817 poena
1029 2738 1249 2817 improborum.

146 2890 148 2894 .
194 2832 322 2897 Multum
357 2839 438 2899 enirn
468 2839 505 2900 ad
536 2839 737 2901 coercendam
767 2840 924 2901 audaciam
952 2837 1032 2900 valet
1060 2839 1250 2919 propositum

194 2936 365 3012 punitionis
388 2937 578 3015 exemplum,
602 2955 671 2998 oum
694 2940 758 3017 ipsa
781 2938 886 2999 miseri
907 2955 1053 3020 praesens
1075 2938 1174 2999 lorma
1194 2939 1249 2999 vi-

194 3035 296 3095 ventis
318 3042 349 3096 et
370 3036 408 3097 ad
428 3036 672 3099 recordationem
694 3037 838 3101 admonet
859 3040 1010 3118 conscios,
1033 3047 1065 3102 et
1079 3038 1118 3102 ad
1133 3038 1248 3101 scisci-

195 3133 339 3197 tationem
362 3136 446 3217 cogit
466 3136 598 3218 ignaros.

540 3321 739 3460 laput
791 3322 896 3431 llll.

194 3506 377 3574 Miseritum
399 3512 434 3575 et
455 3512 683 3579 columitatem
697 3511 832 3581 Gadiue
853 3492 1026 3597 acceptam
1049 3533 1073 3579 a
1094 3510 1251 3579 Caesare

465 3610 603 3693 subjicit
631 3616 732 3697 quaet
760 3615 825 3681 aab
847 3618 974 3681 oculos.

279 3728 442 3804 Exhaust'is
465 3749 558 3823 atque
581 3743 722 3805 edomitis
746 3743 854 3821 Gallis,
882 3761 1011 3807 securus
1040 3743 1153 3804 Caesar
1180 3761 1250 3803 cunr

193 3839 369 3917 legionibus
391 3842 422 3902 in
445 3842 561 3903 ltaliam
582 3842 685 3918 rediit,
708 3841 809 3904 nullos
831 3850 899 3924 post
920 3861 954 3905 se
971 3842 1126 3905 Gallorum
1149 3850 1251 3904 motus

195 3936 430 4017 pertimescens3
462 3948 546 4004 certo
573 3958 607 4003 se
635 3942 754 4020 sciens,
789 3945 914 4006 minime
941 3945 1077 4024 aliquae,
1112 3944 1167 4021 qui
1200 3942 1252 4003 vel
