2634 4434
538 325 605 396 141

469 427 675 438 Q———ffl

57 560 126 622 nuit
146 567 179 622 et
199 558 313 622 cedens
334 558 495 640 probavit?
517 561 559 623 nt
580 560 607 623 si
628 539 716 623 istam
740 559 873 622 divinam
896 559 1020 624 tutelam
1042 584 1098 646 per

54 661 181 740 pluviam
210 661 249 722 de
275 661 364 722 coelo
390 661 514 724 venisse
548 659 742 724 manifestum
774 665 847 737 ests
871 660 965 738 ipsam
998 671 1099 728 autem

54 761 182 840 pluviam
208 762 387 842 opportunis
409 768 441 823 et
461 762 646 824 necessariis
670 759 857 840 temporibus
879 777 941 822 non
964 761 1024 824 nisi
1045 782 1102 844 per

54 860 200 924 Christum
223 863 276 942 qui
299 869 347 924 est
367 880 459 925 verus
481 861 565 924 lleus
592 861 774 938 ministrari,
803 861 894 922 etiam
921 860 959 923 ab
988 862 1125 944 bajus--

52 962 129 1023 modi
151 963 225 1024 satis
248 968 334 1024 certo
360 963 433 1024 sciri
459 980 518 1023 nec
546 963 654 1043 negari
683 978 772 1042 posse
801 961 943 1023 existimo
971 965 1103 1028 maxime

51 1078 141 1139 nunc,
165 1063 287 1143 quando
309 1061 348 1124 ad
370 1063 587 1124 documentum
610 1061 766 1141 potentiae
789 1062 856 1141 ejus
879 1079 947 1123 cum
963 1064 1103 1128 siccitate

51 1161 207 1239 turbante,
239 1162 375 1242 pluviam
406 1177 537 1241 poscere
569 1160 697 1222 adsidue
730 1161 881 1242 contingit
913 1169 949 1225 et
977 1162 1103 1228 alternis

51 1263 169 1325 uicibus
189 1280 274 1324 nunc
294 1261 427 1342 gentiles
450 1279 533 1324 nunc
552 1260 716 1324 Christiani
737 1267 863 1342 rogant:
887 1279 946 1323 nec
968 1281 1103 1345 unquam

51 1363 139 1424 etiam
163 1365 239 1444 ipsis
261 1362 391 1425 testibus
412 1361 525 1425 factum
548 1369 606 1440 est,
628 1368 663 1424 ut
685 1363 780 1441 optati
802 1361 917 1424 imbres
946 1379 1102 1443 superve-

49 1463 136 1524 niant
157 1463 219 1524 nisi
239 1464 273 1524 in
294 1464 355 1541 die,
378 1481 440 1543 quo
460 1465 563 1544 rogari
576 1462 727 1525 Christum
745 1469 776 1524 et
791 1461 970 1525 Christianis
991 1481 1103 1546 rogare

48 1561 252 1642 permittitur:
276 1562 476 1640 proculdubio
504 1567 639 1638 constat,
666 1561 774 1623 urbem
796 1561 921 1623 Romam
944 1581 1000 1644 per
1020 1564 1104 1628 hunc

48 1661 195 1724 eumdem
218 1678 326 1723 verum
347 1661 458 1737 Deum,
481 1663 534 1739 qui
556 1667 604 1722 est
626 1659 763 1721 Christus
783 1659 885 1738 Jesus5
913 1663 1105 1726 ordinantem

49 1761 221 1824 secundum
245 1761 387 1841 placitum
409 1759 574 1822 ineffabilis
591 1759 703 1840 judicii
724 1759 774 1821 sui
796 1766 827 1822 et
841 1767 916 1823 tunc
930 1761 968 1822 ad
984 1760 1106 1826 futurae

50 1861 121 1923 fidei
145 1861 358 1923 credulitatem
389 1867 541 1923 servatam
569 1858 666 1922 fuisse
694 1867 725 1921 et
752 1865 834 1921 nunc
861 1876 916 1941 pro
944 1868 1030 1940 parte
1057 1867 1106 1927 sui

51 1961 211 2024 incredula
237 1963 423 2043 castigatam.
474 1959 515 2022 At
546 1976 623 2021 vero
655 1961 687 2022 in
719 1960 863 2041 Hispania
896 1961 985 2023 ambo
1019 1959 1105 2048 [262]

53 2061 215 2142 Scipiones
235 2079 252 2123 a
274 2060 368 2124 fratre
390 2060 562 2124 Asdrubale
583 2059 739 2123 interfecti
761 2067 842 2122 sunt.
887 2060 920 2123 ln
944 2061 1107 2142 Campania

52 2162 155 2242 Capua
178 2168 377 2242 eaptacsta
405 2163 439 2234 Q.
465 2160 572 2222 Fulvio
599 2161 799 2241 proconsule:
829 2160 984 2240 principes
1013 2163 1106 2226 Cam-

52 2279 201 2343 panorum
216 2279 340 2324 ueneno
354 2268 482 2323 mortem
497 2261 556 2324 sibi
571 2262 799 2324 consciverunt
823 2260 968 2323 Senatum
985 2277 1107 2324 omnem

53 2362 177 2443 Capuae
199 2363 290 2424 etiam
311 2361 493 2443 prohibente
508 2369 618 2424 senatu
633 2361 780 2438 Romano,
803 2359 928 2422 Fulvius
949 2362 1108 2440 suppliciis
1150 2439 1151 2442 Ἴ

52 2462 187 2525 necavit.
230 2461 404 2525 Interfectis
425 2463 458 2522 in
480 2462 623 2540 Hispania
646 2458 852 2538 Scipionibus,
875 2475 943 2519 cum
967 2461 1109 2522 omnibus

51 2565 180 2626 incusso
194 2581 308 2644 pavore
323 2561 538 2624 cunctantibus
555 2560 658 2640 Scipio
677 2577 723 2636 se,
745 2557 907 2630 admodum
929 2558 1110 2622 adolescens

53 2665 136 2726 ultro
161 2665 323 2727 obtulisset
344 2669 376 2725 et
397 2661 539 2743 pudenda
561 2661 689 2742 penuria
719 2665 801 2722 esset
826 2660 955 2739 aerarii,
983 2659 1110 2724 Claudio

53 2763 202 2827 blarcello
224 2763 400 2826 et-Valerio
421 2762 558 2824 Laevino
579 2760 772 2837 auctoribuS‚
794 2759 848 2839 qui
870 2766 944 2821 tunc
966 2761 1110 2822 consules

55 2873 162 2943 erant,
189 2883 297 2927 aurum
326 2869 551 2944 argentumque
572 2863 726 2944 signatum
749 2860 787 2923 ad
810 2866 989 2941 quaestores
1012 2859 1111 2940 palam

55 2983 167 3028 omnes
188 2972 347 3026 senatores
370 2965 401 3025 in
416 2964 571 3045 publicum
588 2964 797 3040 contulerunt,
818 2961 859 3023 ita
874 2968 909 3023 ut
923 2961 999 3024 nihil
1015 2979 1110 3042 praa-

56 3073 105 3130 ter
126 3066 259 3129 annulos
281 3066 430 3148 singulos,
452 3063 615 3142 bullasque
636 3063 697 3125 sibi
718 3078 755 3123 ac
776 3061 847 3124 tiliis
869 3069 901 3124 et
923 3061 1035 3124 deinde
1057 3079 1113 3142 per

55 3167 135 3229 litias
158 3183 336 3248 uxoresque
358 3182 429 3230 suas
451 3162 588 3244 singulas
606 3167 724 3224 tantum
740 3161 806 3222 auri
821 3161 928 3222 uncias
950 3167 981 3222 et
994 3160 1114 3240 argenti

57 3285 121 3330 non
144 3267 274 3348 amplius
296 3285 387 3347 quam
409 3263 546 3346 singulas
566 3262 660 3324 libras
681 3253 904 3341 relinquerent.

374 3452 568 3591 capnt
619 3447 796 3558 nutu
1025 3486 1114 3562 [aa]

59 3634 117 3700 Dc
139 3633 249 3700 coriis
270 3633 426 3699 alodibus
446 3633 538 3698 inter
557 3628 734 3697 Romanos
760 3629 794 3693 el
822 3625 959 3692 Poenos
987 3628 1117 3692 utrim-

60 3752 128 3819 que
151 3734 314 3823 acceptia,
335 3735 436 3800 modo
456 3732 525 3800 buc
545 3734 646 3800 modo
667 3733 746 3798 illuc
766 3729 909 3795 uictoria
922 3727 1118 3792 inclinante.

151 3877 253 3957 Scipio
280 3894 377 3940 annos
405 3885 494 3939 natus
522 3876 632 3957 viginti
661 3882 692 3938 ct
718 3878 866 3954 quatuor,
896 3866 1057 3945 imperium
1085 3867 1119 3929 in

60 3977 241 4059 Hispaniam
263 3977 482 4058 proconsulare
506 3977 632 4038 sortitus
657 3974 807 4034 ultionem
835 3966 999 4045 praecipue
1026 3968 1119 4049 patris

934 4083 966 4131 ro
