2634 4434
551 344 622 413 125

63 578 199 639 exercitu
231 576 363 654 iaciens,
397 576 478 638 haud
511 579 618 656 procul
651 597 668 639 a
697 579 821 641 lluminc
850 580 985 661 Bagrada
1013 595 1109 651 castra·

62 678 232 754 constituit,
262 677 314 739 ubi
341 696 412 739 cum
434 677 580 758 plurimos
602 679 748 756 militum,
772 681 904 760 aquandi
927 686 1110 751 necessitato

61 778 96 837 ad
117 777 232 839 flumen
255 778 495 855 descendentes,
525 795 653 858 serpens
681 780 776 842 mirae
804 782 1023 862 magnitudinis
1051 787 1110 850 de·

60 887 196 956 voraret,
224 877 361 959 Regulus
394 879 432 971 ad
460 880 694 960 expugnandam
717 881 844 942 bestiam
873 899 941 942 cum
971 881 1111 950 exercitu

59 977 214 1055 proiectus
237 985 300 1040 cst:
324 978 380 1041 sed
401 978 477 1040 nibil
499 981 531 1040 in
554 987 641 1062 tergo
665 983 731 1062 ejus
747 980 976 1060 proficientibus
987 987 1111 1066 jaculis,

58 1085 149 1159 atque
172 1079 256 1140 omni
278 1078 408 1141 telorum
430 1079 494 1140 ictu
516 1080 615 1165 irrito,
639 1098 718 1160 quae
740 1099 795 1160 per
816 1081 997 1144 horrendam
1013 1104 1108 1166 squa-

58 1197 174 1242 marum
206 1187 320 1242 cratem
355 1180 442 1259 quasi
474 1197 530 1260 per
556 1180 712 1260 obliquam
739 1186 895 1243 scutorum
926 1184 1111 1250 testudinem

57 1279 250 1358 labebantur,
273 1281 446 1361 mirumque
467 1281 648 1359 immodum,
673 1299 712 1343 ne
728 1299 838 1362 corpus
858 1281 1027 1362 laederent,
1045 1287 1111 1367 ipso

57 1398 187 1462 corpore
221 1380 428 1460 pellebantur,
462 1398 532 1443 cum
561 1383 689 1462 insuper
716 1381 854 1464 magna'm
885 1382 1110 1449 multitudinem

56 1500 164 1545 morsu
191 1481 372 1558 comminui,
402 1482 518 1560 impetu
545 1484 676 1561 proteri,
710 1483 806 1546 halitu
840 1485 930 1546 etiam
964 1486 1111 1565 pestifero

55 1581 230 1644 exanimari
241 1580 371 1658 videret,
387 1581 509 1642 balistas
524 1581 640 1642 deferri
651 1583 820 1662 imperavit,
835 1602 890 1663 per
905 1602 980 1665 quas
996 1589 1113 1650 murale

55 1699 165 1744 saxum
188 1680 297 1760 spinae
319 1682 386 1762 ejus
405 1682 562 1742 incussum
585 1697 762 1761 compagem
785 1683 877 1742 totius
892 1686 1028 1762 corporis
1043 1687 1112 1749 sol-

56 1786 107 1845 vit.
154 1779 236 1841 'lulis
258 1781 409 1860 siquidem
433 1787 481 1842 est
502 1787 610 1842 natura
632 1781 801 1860 serpentis,
825 1788 869 1859 ut,
892 1799 960 1844 eum
983 1785 1113 1862 pedibus

57 1900 165 1946 carere
195 1880 352 1958 videatur,
382 1881 476 1943 costis
503 1889 604 1942 tamen
635 1886 667 1942 et
694 1881 845 1959 squamis,
874 1898 949 1960 quas
976 1903 993 1945 a
1021 1882 1111 1963 [237]

57 1999 177 2046 summo
197 1988 324 2062 gutture
346 1998 446 2061 usque
468 1983 506 2044 ad
528 1983 617 2043 imam
639 1980 741 2041 alvum
769 1980 856 2059 parili
884 1983 974 2044 modo
1003 1987 1111 2067 dispo-

57 2085 130 2145 sitas
152 2082 256 2160 babet,
278 2084 320 2144 ita
339 2082 516 2159 instruatur,
533 2088 567 2143 ut
581 2081 717 2162 squamis
733 2082 820 2161 quasi
835 2083 1003 2164 unguibus,
1019 2089 1112 2149 costis

59 2185 145 2264 quasi
169 2183 311 2245 cruribus
336 2182 492 2247 innitatur.
536 2182 602 2244 Non
626 2182 707 2269 enim
733 2189 765 2242 ut
787 2185 912 2261 vermis,
935 2186 986 2246 cui
1007 2188 1113 2266 spinae

58 2287 142 2367 rigor
158 2301 227 2344 -non
249 2289 296 2362 est
318 2289 350 2344 et
370 2285 403 2345 in
426 2283 575 2346 directum
599 2281 774 2362 corpusculi
797 2284 845 2345 sui
867 2290 968 2363 partes
996 2287 1111 2367 grada-

58 2388 110 2449 tim
133 2383 321 2467 porrigendo
348 2375 536 2464 contractas,
562 2380 772 2449 contrahendo
800 2391 973 2461 porrectas,
998 2394 1112 2449 motum

59 2487 203 2566 explicat,
225 2485 281 2547 sed
308 2486 435 2547 alternis
458 2486 575 2546 intenta
598 2481 760 2542 conatibus
782 2480 876 2541 latera
900 2485 1023 2544 sinuosa
1047 2487 1112 2546 cir-

59 2584 206 2663 cumfert,
235 2593 269 2648 ut
296 2603 351 2664 per
379 2584 565 2646 exteriorem
592 2582 699 2661 spinae
730 2587 938 2658 curvaturam,
962 2583 1113 2664 rigentem

60 2694 213 2750 costarum
235 2687 332 2748 aciem
361 2683 481 2761 terldat,
511 2685 603 2744 costis
632 2689 735 2745 autem
763 2688 870 2744 natura
898 2682 936 2744 ad
963 2701 1115 2746 summum

59 2789 153 2850 rectis
175 2805 368 2868 squamarum
392 2783 633 2866 ungulasfigat:
658 2783 741 2862 quod
763 2783 899 2846 vicissim
921 2790 953 2844 et
972 2784 1116 2846 celeriter

60 2889 181 2972 agendo
214 2905 277 2950 nou
309 2886 407 2948 solum
441 2884 530 2965 plana
557 2883 743 2966 perlabitur,
771 2881 826 2944 sed
855 2881 946 2944 etiam
975 2901 1115 2948 convexa

60 2989 258 3066 conscendit,
286 2994 331 3049 tot
353 2984 493 3066 vestigiis
515 2987 663 3051 instructa
687 2990 760 3064 quot
784 2984 887 3046 costis.
932 2982 1028 3067 Hujus
1044 2986 1115 3048 ita·
1217 3051 1222 3064 ,

62 3109 122 3171 que
145 3091 193 3151 rei
215 3106 306 3152 eausa
329 3094 385 3164 est,
408 3093 444 3148 ut
464 3086 491 3146 si
513 3087 545 3146 in
568 3085 705 3165 qualibet
728 3084 864 3163 corporis
886 3091 973 3163 parte
993 3086 1031 3147 ab
1047 3087 1116 3149 alvo

62 3209 162 3271 usque
184 3189 223 3250 ad
245 3196 335 3267 caput
357 3188 421 3250 ictu
444 3185 547 3265 aliquo
570 3184 742 3260 collidatur,
766 3183 876 3244 debilis
898 3184 1017 3246 reddita
1039 3201 1115 3247 cur-

61 3309 128 3352 sum
150 3289 266 3352 babere
289 3304 351 3348 non
373 3289 484 3367 possit,
511 3287 583 3365 quia
605 3281 793 3363 ubicumque
816 3282 868 3343 ille
891 3283 970 3344 ictus
993 3285 1116 3350 incide-

61 3393 110 3470 rit,
133 3392 252 3472 spinam
275 3390 376 3466 solvit,
400 3404 567 3467 perquam
591 3391 743 3446 costarum
765 3382 860 3464 pedes
883 3389 914 3444 et
930 3393 1028 3450 motus
1042 3405 1116 3451 cor-

62 3494 145 3571 poris
167 3491 368 3572 agebantu13=
386 3489 469 3551 unde
492 3489 583 3549 etiam
606 3485 655 3547 hic
683 3501 825 3566 serpens,
852 3486 905 3566 qui
933 3487 1047 3550 tamdiu
1075 3497 1120 3551 tot

61 3593 171 3670 jaculis
205 3590 438 3654 invulnerabilis
461 3587 594 3663 obstitit,
617 3587 654 3647 ad
684 3589 775 3650 unius
802 3589 869 3650 saxi
891 3588 984 3648 ictum
1009 3587 1119 3649 debilis

64 3695 172 3769 cessit,
206 3711 242 3754 ac
278 3710 349 3755 mox
381 3693 611 3754 circumventus
643 3688 713 3750 telis
746 3688 836 3750 lacilc
869 3702 1032 3767 oppressus
1062 3693 1117 3762 est.

66 3793 188 3855 Corium
210 3801 313 3856 autem
338 3796 404 3875 ejus
426 3793 550 3855 Romam
575 3790 736 3852 devectum
761 3787 854 3868 (quod
877 3787 972 3849 luisse
995 3790 1119 3846 centum

64 3895 174 3974 viginti
202 3895 312 3973 pedum
341 3896 437 3974 spatio
465 3890 580 3968 ierunt)
608 3890 796 3970 aliquamdiu
824 3887 943 3948 cunetis
973 3883 1120 3950 miraculo

65 3995 130 4057 i'uit.
167 3995 304 4076 Regulus
327 3995 474 4057 adversus
497 4001 559 4054 tres
582 3992 793 4068 imperatores,
817 3987 846 4046 id
870 3992 916 4046 cst
932 3984 1119 4049 Asdrubales

949 4103 964 4150 o
