<?xml version="1.0" encoding="UTF-8"?>
<!DOCTYPE html PUBLIC "-//W3C//DTD XHTML 1.0 Transitional//EN"
    "http://www.w3.org/TR/xhtml1/DTD/xhtml1-transitional.dtd">
<html xmlns="http://www.w3.org/1999/xhtml" xml:lang="en" lang="en">
 <head>
  <title>
</title>
<meta http-equiv="Content-Type" content="text/html;charset=utf-8" />
  <meta name='ocr-system' content='tesseract 3.04.00' />
  <meta name='ocr-capabilities' content='ocr_page ocr_carea ocr_par ocr_line ocrx_word'/>
</head>
<body>
  <div class='ocr_page' id='page_1' title='image "./pauliorosiipres00havegoog_0080.png"; bbox 0 0 2634 4434; ppageno 0'>
   <div class='ocr_carea' id='block_1_1' title="bbox 549 309 596 377">
    <p class='ocr_par' dir='ltr' id='par_1_1' title="bbox 549 309 596 377">
     <span class='ocr_line' id='line_1_1' title="bbox 549 309 596 377; baseline 0.021 -1"><span class='ocrx_word' id='word_1_1' title='bbox 549 309 596 377; x_wconf 87' lang='grc'><strong>73</strong></span> 
     </span>
    </p>
   </div>
   <div class='ocr_carea' id='block_1_2' title="bbox 468 408 676 420">
    <p class='ocr_par' dir='ltr' id='par_1_2' title="bbox 468 408 676 420">
     <span class='ocr_line' id='line_1_2' title="bbox 468 408 676 420; baseline 0 0"><span class='ocrx_word' id='word_1_2' title='bbox 468 408 676 420; x_wconf 59' lang='lat' dir='ltr'>ffl</span> 
     </span>
    </p>
   </div>
   <div class='ocr_carea' id='block_1_3' title="bbox 45 539 1173 3039">
    <p class='ocr_par' dir='ltr' id='par_1_3' title="bbox 45 539 1173 3039">
     <span class='ocr_line' id='line_1_3' title="bbox 52 539 1097 624; baseline 0.009 -24"><span class='ocrx_word' id='word_1_3' title='bbox 52 539 281 604; x_wconf 88' lang='lat' dir='ltr'><strong>Lacedaemonii</strong></span> <span class='ocrx_word' id='word_1_4' title='bbox 301 540 439 623; x_wconf 90' lang='lat' dir='ltr'><strong>periculo</strong></span> <span class='ocrx_word' id='word_1_5' title='bbox 462 543 593 607; x_wconf 88' lang='lat' dir='ltr'><strong>civitatis</strong></span> <span class='ocrx_word' id='word_1_6' title='bbox 616 543 755 624; x_wconf 86' lang='lat' dir='ltr'><strong>impulsi,</strong></span> <span class='ocrx_word' id='word_1_7' title='bbox 777 543 881 607; x_wconf 91' lang='lat' dir='ltr'><strong>habito</strong></span> <span class='ocrx_word' id='word_1_8' title='bbox 904 545 1097 612; x_wconf 72' lang='lat' dir='ltr'><strong>inexercitati</strong></span> 
     </span>
     <span class='ocr_line' id='line_1_4' title="bbox 52 640 1098 725; baseline 0.01 -25"><span class='ocrx_word' id='word_1_9' title='bbox 52 640 153 703; x_wconf 91' lang='lat' dir='ltr'><strong>militis</strong></span> <span class='ocrx_word' id='word_1_10' title='bbox 174 644 382 724; x_wconf 79' lang='lat' dir='ltr'><strong>qualicunque</strong></span> <span class='ocrx_word' id='word_1_11' title='bbox 404 643 545 723; x_wconf 90' lang='lat' dir='ltr'><strong>delectu,</strong></span> <span class='ocrx_word' id='word_1_12' title='bbox 568 645 689 707; x_wconf 85' lang='lat' dir='ltr'><strong>obviam</strong></span> <span class='ocrx_word' id='word_1_13' title='bbox 712 643 792 706; x_wconf 89' lang='lat' dir='ltr'><strong>hosti</strong></span> <span class='ocrx_word' id='word_1_14' title='bbox 814 646 993 725; x_wconf 87' lang='lat' dir='ltr'><strong>procedunt.</strong></span> <span class='ocrx_word' id='word_1_15' title='bbox 1038 649 1098 710; x_wconf 89' lang='lat' dir='ltr'><strong>Sed</strong></span> 
     </span>
     <span class='ocr_line' id='line_1_5' title="bbox 51 741 1099 820; baseline 0.008 -20"><span class='ocrx_word' id='word_1_16' title='bbox 51 741 135 803; x_wconf 89' lang='lat' dir='ltr'><strong>victis</strong></span> <span class='ocrx_word' id='word_1_17' title='bbox 157 745 269 820; x_wconf 90' lang='lat' dir='ltr'><strong>semel,</strong></span> <span class='ocrx_word' id='word_1_18' title='bbox 297 745 444 808; x_wconf 86' lang='lat' dir='ltr'><strong>adversus</strong></span> <span class='ocrx_word' id='word_1_19' title='bbox 470 746 604 808; x_wconf 88' lang='lat' dir='ltr'><strong>victores</strong></span> <span class='ocrx_word' id='word_1_20' title='bbox 632 743 801 807; x_wconf 90' lang='lat' dir='ltr'><strong>obsistendi</strong></span> <span class='ocrx_word' id='word_1_21' title='bbox 829 765 887 808; x_wconf 90' lang='lat' dir='ltr'><strong>nec</strong></span> <span class='ocrx_word' id='word_1_22' title='bbox 914 747 1012 808; x_wconf 86' lang='lat' dir='ltr'><strong>virtus</strong></span> <span class='ocrx_word' id='word_1_23' title='bbox 1041 765 1099 808; x_wconf 91' lang='lat' dir='ltr'><strong>nec</strong></span> 
     </span>
     <span class='ocr_line' id='line_1_6' title="bbox 50 842 1100 927; baseline 0.006 -27"><span class='ocrx_word' id='word_1_24' title='bbox 50 842 166 905; x_wconf 91' lang='lat' dir='ltr'><strong>animus</strong></span> <span class='ocrx_word' id='word_1_25' title='bbox 187 853 260 908; x_wconf 89' lang='lat' dir='ltr'><strong>erat.</strong></span> <span class='ocrx_word' id='word_1_26' title='bbox 298 845 373 907; x_wconf 84' lang='lat' dir='ltr'><strong>Cum</strong></span> <span class='ocrx_word' id='word_1_27' title='bbox 397 848 490 927; x_wconf 86' lang='lat' dir='ltr'><strong>igitur</strong></span> <span class='ocrx_word' id='word_1_28' title='bbox 512 847 623 908; x_wconf 88' lang='lat' dir='ltr'><strong>caedes</strong></span> <span class='ocrx_word' id='word_1_29' title='bbox 645 852 762 907; x_wconf 90' lang='lat' dir='ltr'><strong>tanturn</strong></span> <span class='ocrx_word' id='word_1_30' title='bbox 786 847 877 908; x_wconf 91' lang='lat' dir='ltr'><strong>unius</strong></span> <span class='ocrx_word' id='word_1_31' title='bbox 893 865 990 926; x_wconf 89' lang='lat' dir='ltr'><strong>paene</strong></span> <span class='ocrx_word' id='word_1_32' title='bbox 1006 847 1100 927; x_wconf 91' lang='lat' dir='ltr'><strong>partis</strong></span> 
     </span>
     <span class='ocr_line' id='line_1_7' title="bbox 49 946 1097 1028; baseline 0.008 -28"><span class='ocrx_word' id='word_1_33' title='bbox 49 951 207 1022; x_wconf 80' lang='lat' dir='ltr'><strong>ageretur,</strong></span> <span class='ocrx_word' id='word_1_34' title='bbox 229 953 358 1027; x_wconf 89' lang='lat' dir='ltr'><strong>repente</strong></span> <span class='ocrx_word' id='word_1_35' title='bbox 379 946 446 1007; x_wconf 86' lang='lat' dir='ltr'><strong>Rex</strong></span> <span class='ocrx_word' id='word_1_36' title='bbox 468 947 646 1028; x_wconf 81' lang='lat' dir='ltr'><strong>Agesilaus,</strong></span> <span class='ocrx_word' id='word_1_37' title='bbox 673 947 838 1009; x_wconf 79' lang='lat' dir='ltr'><strong>arcessitus</strong></span> <span class='ocrx_word' id='word_1_38' title='bbox 859 966 899 1009; x_wconf 89' lang='lat' dir='ltr'><strong>ex</strong></span> <span class='ocrx_word' id='word_1_39' title='bbox 920 947 1010 1025; x_wconf 91' lang='lat' dir='ltr'><strong>Asia,</strong></span> <span class='ocrx_word' id='word_1_40' title='bbox 1034 948 1097 1008; x_wconf 90' lang='lat' dir='ltr'><strong>im-</strong></span> 
     </span>
     <span class='ocr_line' id='line_1_8' title="bbox 48 1046 1100 1128; baseline 0.004 -25"><span class='ocrx_word' id='word_1_41' title='bbox 48 1046 186 1120; x_wconf 89' lang='lat' dir='ltr'><strong>provisus</strong></span> <span class='ocrx_word' id='word_1_42' title='bbox 208 1046 290 1109; x_wconf 89' lang='lat' dir='ltr'><strong>bello</strong></span> <span class='ocrx_word' id='word_1_43' title='bbox 312 1050 506 1127; x_wconf 86' lang='lat' dir='ltr'><strong>supervenit:</strong></span> <span class='ocrx_word' id='word_1_44' title='bbox 535 1047 696 1109; x_wconf 83' lang='lat' dir='ltr'><strong>Thebanos</strong></span> <span class='ocrx_word' id='word_1_45' title='bbox 714 1050 776 1128; x_wconf 88' lang='lat' dir='ltr'><strong>jam</strong></span> <span class='ocrx_word' id='word_1_46' title='bbox 799 1065 947 1110; x_wconf 90' lang='lat' dir='ltr'><strong>successu</strong></span> <span class='ocrx_word' id='word_1_47' title='bbox 968 1047 1100 1127; x_wconf 89' lang='lat' dir='ltr'><strong>duplicis</strong></span> 
     </span>
     <span class='ocr_line' id='line_1_9' title="bbox 47 1132 1099 1228; baseline 0.003 -24"><span class='ocrx_word' id='word_1_48' title='bbox 47 1145 194 1208; x_wconf 87' lang='lat' dir='ltr'><strong>victoriae</strong></span> <span class='ocrx_word' id='word_1_49' title='bbox 223 1147 367 1210; x_wconf 89' lang='lat' dir='ltr'><strong>laetiores</strong></span> <span class='ocrx_word' id='word_1_50' title='bbox 399 1149 637 1228; x_wconf 81' lang='lat' dir='ltr'><strong>segnioresque.</strong></span> <span class='ocrx_word' id='word_1_51' title='bbox 655 1147 849 1228; x_wconf 88' lang='lat' dir='ltr'><strong>adgreditur:</strong></span> <span class='ocrx_word' id='word_1_52' title='bbox 866 1132 867 1135; x_wconf 25' lang='lat'>¹</span> <span class='ocrx_word' id='word_1_53' title='bbox 884 1166 942 1210; x_wconf 89' lang='lat' dir='ltr'><strong>nec</strong></span> <span class='ocrx_word' id='word_1_54' title='bbox 975 1147 1099 1210; x_wconf 90' lang='lat' dir='ltr'><strong>dillieile</strong></span> 
     </span>
     <span class='ocr_line' id='line_1_10' title="bbox 48 1248 1100 1328; baseline 0.002 -22"><span class='ocrx_word' id='word_1_55' title='bbox 48 1254 185 1325; x_wconf 89' lang='lat' dir='ltr'><strong>superat,</strong></span> <span class='ocrx_word' id='word_1_56' title='bbox 219 1250 350 1310; x_wconf 87' lang='lat' dir='ltr'><strong>maxime</strong></span> <span class='ocrx_word' id='word_1_57' title='bbox 376 1264 447 1310; x_wconf 88' lang='lat' dir='ltr'><strong>cum</strong></span> <span class='ocrx_word' id='word_1_58' title='bbox 474 1248 573 1310; x_wconf 93' lang='lat' dir='ltr'><strong>adhuc</strong></span> <span class='ocrx_word' id='word_1_59' title='bbox 600 1248 680 1328; x_wconf 93' lang='lat' dir='ltr'><strong>apud</strong></span> <span class='ocrx_word' id='word_1_60' title='bbox 708 1248 806 1328; x_wconf 87' lang='lat' dir='ltr'><strong>ipsum</strong></span> <span class='ocrx_word' id='word_1_61' title='bbox 835 1265 933 1328; x_wconf 91' lang='lat' dir='ltr'><strong>paene</strong></span> <span class='ocrx_word' id='word_1_62' title='bbox 961 1249 1100 1327; x_wconf 87' lang='lat' dir='ltr'><strong>integrae</strong></span> 
     </span>
     <span class='ocr_line' id='line_1_11' title="bbox 47 1347 1099 1431; baseline 0.002 -25"><span class='ocrx_word' id='word_1_63' title='bbox 47 1348 126 1408; x_wconf 89' lang='lat' dir='ltr'><strong>vires</strong></span> <span class='ocrx_word' id='word_1_64' title='bbox 155 1347 350 1411; x_wconf 85' lang='lat' dir='ltr'><strong>haberentur.</strong></span> <span class='ocrx_word' id='word_1_65' title='bbox 393 1348 463 1428; x_wconf 86' lang='lat' dir='ltr'><strong>Ipse</strong></span> <span class='ocrx_word' id='word_1_66' title='bbox 491 1357 592 1412; x_wconf 90' lang='lat' dir='ltr'><strong>tamen</strong></span> <span class='ocrx_word' id='word_1_67' title='bbox 619 1349 782 1430; x_wconf 88' lang='lat' dir='ltr'><strong>Agesilaus</strong></span> <span class='ocrx_word' id='word_1_68' title='bbox 814 1351 951 1431; x_wconf 85' lang='lat' dir='ltr'><strong>graviter</strong></span> <span class='ocrx_word' id='word_1_69' title='bbox 983 1349 1099 1410; x_wconf 87' lang='lat' dir='ltr'><strong>vulne-</strong></span> 
     </span>
     <span class='ocr_line' id='line_1_12' title="bbox 46 1449 1100 1530; baseline 0.002 -23"><span class='ocrx_word' id='word_1_70' title='bbox 46 1450 139 1510; x_wconf 84' lang='lat' dir='ltr'><strong>ratur.</strong></span> <span class='ocrx_word' id='word_1_71' title='bbox 185 1449 226 1508; x_wconf 94' lang='lat' dir='ltr'><strong>At</strong></span> <span class='ocrx_word' id='word_1_72' title='bbox 247 1467 323 1510; x_wconf 91' lang='lat' dir='ltr'><strong>vero</strong></span> <span class='ocrx_word' id='word_1_73' title='bbox 350 1449 573 1527; x_wconf 83' lang='lat' dir='ltr'><strong>Athenienses,</strong></span> <span class='ocrx_word' id='word_1_74' title='bbox 601 1469 670 1512; x_wconf 90' lang='lat' dir='ltr'><strong>cum</strong></span> <span class='ocrx_word' id='word_1_75' title='bbox 699 1452 920 1530; x_wconf 88' lang='lat' dir='ltr'><strong>comperissent</strong></span> <span class='ocrx_word' id='word_1_76' title='bbox 946 1450 1100 1529; x_wconf 87' lang='lat' dir='ltr'><strong>insperata</strong></span> 
     </span>
     <span class='ocr_line' id='line_1_13' title="bbox 45 1547 1169 1632; baseline 0.003 -24"><span class='ocrx_word' id='word_1_77' title='bbox 45 1547 307 1609; x_wconf 87' lang='lat' dir='ltr'><strong>Lacedaemonios</strong></span> <span class='ocrx_word' id='word_1_78' title='bbox 329 1551 457 1612; x_wconf 88' lang='lat' dir='ltr'><strong>victoria</strong></span> <span class='ocrx_word' id='word_1_79' title='bbox 477 1550 670 1627; x_wconf 89' lang='lat' dir='ltr'><strong>sublevatos,</strong></span> <span class='ocrx_word' id='word_1_80' title='bbox 697 1553 843 1631; x_wconf 87' lang='lat' dir='ltr'><strong>pristinae</strong></span> <span class='ocrx_word' id='word_1_81' title='bbox 865 1552 1038 1626; x_wconf 89' lang='lat' dir='ltr'><strong>servitutis,</strong></span> <span class='ocrx_word' id='word_1_82' title='bbox 1061 1549 1100 1611; x_wconf 92' lang='lat' dir='ltr'><strong>de</strong></span> <span class='ocrx_word' id='word_1_83' title='bbox 1166 1625 1169 1632; x_wconf 13' lang='grc' dir='ltr'><strong>Ἰ</strong></span> 
     </span>
     <span class='ocr_line' id='line_1_14' title="bbox 47 1650 1101 1730; baseline 0.001 -23"><span class='ocrx_word' id='word_1_84' title='bbox 47 1666 104 1725; x_wconf 86' lang='lat' dir='ltr'><strong>qua</strong></span> <span class='ocrx_word' id='word_1_85' title='bbox 128 1655 205 1708; x_wconf 89' lang='lat' dir='ltr'><strong>tunc</strong></span> <span class='ocrx_word' id='word_1_86' title='bbox 226 1650 379 1727; x_wconf 80' lang='lat' dir='ltr'><strong>respirare</strong></span> <span class='ocrx_word' id='word_1_87' title='bbox 401 1651 455 1710; x_wconf 87' lang='lat' dir='ltr'><strong>vix</strong></span> <span class='ocrx_word' id='word_1_88' title='bbox 476 1657 652 1729; x_wconf 86' lang='lat' dir='ltr'><strong>coeperant,</strong></span> <span class='ocrx_word' id='word_1_89' title='bbox 675 1650 786 1730; x_wconf 84' lang='lat' dir='ltr'><strong>trepidi</strong></span> <span class='ocrx_word' id='word_1_90' title='bbox 808 1657 902 1727; x_wconf 90' lang='lat' dir='ltr'><strong>metu,</strong></span> <span class='ocrx_word' id='word_1_91' title='bbox 931 1651 1101 1712; x_wconf 87' lang='lat' dir='ltr'><strong>exercitum</strong></span> 
     </span>
     <span class='ocr_line' id='line_1_15' title="bbox 47 1747 1101 1832; baseline 0.001 -24"><span class='ocrx_word' id='word_1_92' title='bbox 47 1747 241 1824; x_wconf 87' lang='lat' dir='ltr'><strong>contrahunt,</strong></span> <span class='ocrx_word' id='word_1_93' title='bbox 265 1767 400 1828; x_wconf 91' lang='lat' dir='ltr'><strong>eumque</strong></span> <span class='ocrx_word' id='word_1_94' title='bbox 421 1750 558 1813; x_wconf 92' lang='lat' dir='ltr'><strong>Boeotiis</strong></span> <span class='ocrx_word' id='word_1_95' title='bbox 580 1752 612 1811; x_wconf 90' lang='lat' dir='ltr'><strong>in</strong></span> <span class='ocrx_word' id='word_1_96' title='bbox 634 1750 781 1812; x_wconf 85' lang='lat' dir='ltr'><strong>auxilium</strong></span> <span class='ocrx_word' id='word_1_97' title='bbox 805 1751 984 1832; x_wconf 86' lang='lat' dir='ltr'><strong>adjungunt,</strong></span> <span class='ocrx_word' id='word_1_98' title='bbox 1011 1765 1101 1810; x_wconf 88' lang='lat' dir='ltr'><strong>corn·</strong></span> 
     </span>
     <span class='ocr_line' id='line_1_16' title="bbox 47 1848 1100 1930; baseline 0.003 -23"><span class='ocrx_word' id='word_1_99' title='bbox 47 1852 174 1910; x_wconf 81' lang='lat' dir='ltr'><strong>naissum</strong></span> <span class='ocrx_word' id='word_1_100' title='bbox 196 1848 338 1925; x_wconf 88' lang='lat' dir='ltr'><strong>iphicrati</strong></span> <span class='ocrx_word' id='word_1_101' title='bbox 366 1849 454 1926; x_wconf 90' lang='lat' dir='ltr'><strong>duci,</strong></span> <span class='ocrx_word' id='word_1_102' title='bbox 482 1851 535 1930; x_wconf 89' lang='lat' dir='ltr'><strong>qui</strong></span> <span class='ocrx_word' id='word_1_103' title='bbox 561 1850 742 1912; x_wconf 88' lang='lat' dir='ltr'><strong>adolescens</strong></span> <span class='ocrx_word' id='word_1_104' title='bbox 770 1851 947 1927; x_wconf 84' lang='lat' dir='ltr'><strong>admodum,</strong></span> <span class='ocrx_word' id='word_1_105' title='bbox 975 1849 1100 1910; x_wconf 89' lang='lat' dir='ltr'><strong>vixdum</strong></span> 
     </span>
     <span class='ocr_line' id='line_1_17' title="bbox 47 1950 1101 2030; baseline -0.001 -20"><span class='ocrx_word' id='word_1_106' title='bbox 47 1951 277 2030; x_wconf 86' lang='lat' dir='ltr'><strong>annosviginti</strong></span> <span class='ocrx_word' id='word_1_107' title='bbox 304 1957 410 2029; x_wconf 89' lang='lat' dir='ltr'><strong>natus,</strong></span> <span class='ocrx_word' id='word_1_108' title='bbox 439 1950 645 2012; x_wconf 83' lang='lat' dir='ltr'><strong>infirmitatem</strong></span> <span class='ocrx_word' id='word_1_109' title='bbox 672 1951 780 2012; x_wconf 90' lang='lat' dir='ltr'><strong>aetatis</strong></span> <span class='ocrx_word' id='word_1_110' title='bbox 807 1952 979 2013; x_wconf 88' lang='lat' dir='ltr'><strong>maturitate</strong></span> <span class='ocrx_word' id='word_1_111' title='bbox 1007 1951 1101 2013; x_wconf 91' lang='lat' dir='ltr'><strong>animi</strong></span> 
     </span>
     <span class='ocr_line' id='line_1_18' title="bbox 48 2049 1103 2132; baseline 0.001 -21"><span class='ocrx_word' id='word_1_112' title='bbox 48 2050 215 2112; x_wconf 90' lang='lat' dir='ltr'><strong>muniebat.</strong></span> <span class='ocrx_word' id='word_1_113' title='bbox 260 2049 366 2111; x_wconf 87' lang='lat' dir='ltr'><strong>Conon</strong></span> <span class='ocrx_word' id='word_1_114' title='bbox 394 2068 535 2131; x_wconf 90' lang='lat' dir='ltr'><strong>quoque,</strong></span> <span class='ocrx_word' id='word_1_115' title='bbox 567 2054 616 2114; x_wconf 86' lang='lat' dir='ltr'><strong>vir</strong></span> <span class='ocrx_word' id='word_1_116' title='bbox 643 2053 766 2132; x_wconf 89' lang='lat' dir='ltr'><strong>quidem</strong></span> <span class='ocrx_word' id='word_1_117' title='bbox 795 2051 1009 2128; x_wconf 86' lang='lat' dir='ltr'><strong>Atheniensis,</strong></span> <span class='ocrx_word' id='word_1_118' title='bbox 1025 2051 1103 2126; x_wconf 51' lang='lat' dir='ltr'><strong>,dux</strong></span> 
     </span>
     <span class='ocr_line' id='line_1_19' title="bbox 48 2135 1139 2234; baseline 0 -22"><span class='ocrx_word' id='word_1_119' title='bbox 48 2160 149 2214; x_wconf 91' lang='lat' dir='ltr'><strong>autem</strong></span> <span class='ocrx_word' id='word_1_120' title='bbox 173 2152 287 2214; x_wconf 88' lang='lat' dir='ltr'><strong>Persici</strong></span> <span class='ocrx_word' id='word_1_121' title='bbox 309 2153 480 2229; x_wconf 87' lang='lat' dir='ltr'><strong>exercitus,</strong></span> <span class='ocrx_word' id='word_1_122' title='bbox 503 2152 607 2228; x_wconf 86' lang='lat' dir='ltr'><strong>audito</strong></span> <span class='ocrx_word' id='word_1_123' title='bbox 629 2135 766 2234; x_wconf 86' lang='lat' dir='ltr'><strong>Agesilai</strong></span> <span class='ocrx_word' id='word_1_124' title='bbox 788 2152 905 2228; x_wconf 90' lang='lat' dir='ltr'><strong>reditu,</strong></span> <span class='ocrx_word' id='word_1_125' title='bbox 933 2153 971 2214; x_wconf 90' lang='lat' dir='ltr'><strong>ad</strong></span> <span class='ocrx_word' id='word_1_126' title='bbox 998 2169 1101 2231; x_wconf 88' lang='lat' dir='ltr'><strong>popu·</strong></span> <span class='ocrx_word' id='word_1_127' title='bbox 1135 2145 1139 2156; x_wconf 63' lang='lat'><strong><em>‘</em></strong></span> 
     </span>
     <span class='ocr_line' id='line_1_20' title="bbox 48 2252 1103 2336; baseline 0.001 -23"><span class='ocrx_word' id='word_1_128' title='bbox 48 2252 156 2316; x_wconf 90' lang='lat' dir='ltr'><strong>landos</strong></span> <span class='ocrx_word' id='word_1_129' title='bbox 188 2252 499 2316; x_wconf 88' lang='lat' dir='ltr'><strong>Lacedaemoniorum</strong></span> <span class='ocrx_word' id='word_1_130' title='bbox 532 2271 623 2336; x_wconf 89' lang='lat' dir='ltr'><strong>agros</strong></span> <span class='ocrx_word' id='word_1_131' title='bbox 655 2256 830 2316; x_wconf 87' lang='lat' dir='ltr'><strong>revertitur.</strong></span> <span class='ocrx_word' id='word_1_132' title='bbox 873 2252 917 2314; x_wconf 92' lang='lat' dir='ltr'><strong>lta</strong></span> <span class='ocrx_word' id='word_1_133' title='bbox 951 2253 1103 2330; x_wconf 89' lang='lat' dir='ltr'><strong>Spartani,</strong></span> 
     </span>
     <span class='ocr_line' id='line_1_21' title="bbox 48 2354 1103 2434; baseline 0.002 -19"><span class='ocrx_word' id='word_1_134' title='bbox 48 2354 180 2433; x_wconf 89' lang='lat' dir='ltr'><strong>strepitu</strong></span> <span class='ocrx_word' id='word_1_135' title='bbox 215 2354 505 2416; x_wconf 87' lang='lat' dir='ltr'><strong>circumsonantium</strong></span> <span class='ocrx_word' id='word_1_136' title='bbox 540 2356 679 2434; x_wconf 91' lang='lat' dir='ltr'><strong>undique</strong></span> <span class='ocrx_word' id='word_1_137' title='bbox 716 2354 848 2416; x_wconf 92' lang='lat' dir='ltr'><strong>hostium</strong></span> <span class='ocrx_word' id='word_1_138' title='bbox 881 2354 976 2415; x_wconf 91' lang='lat' dir='ltr'><strong>clausi</strong></span> <span class='ocrx_word' id='word_1_139' title='bbox 1009 2362 1103 2434; x_wconf 90' lang='lat' dir='ltr'><strong>atque</strong></span> 
     </span>
     <span class='ocr_line' id='line_1_22' title="bbox 49 2453 1104 2534; baseline 0 -20"><span class='ocrx_word' id='word_1_140' title='bbox 49 2455 203 2531; x_wconf 86' lang='lat' dir='ltr'><strong>exterriti,</strong></span> <span class='ocrx_word' id='word_1_141' title='bbox 225 2454 332 2516; x_wconf 90' lang='lat' dir='ltr'><strong>ultima</strong></span> <span class='ocrx_word' id='word_1_142' title='bbox 353 2455 572 2534; x_wconf 91' lang='lat' dir='ltr'><strong>propemodum</strong></span> <span class='ocrx_word' id='word_1_143' title='bbox 596 2455 809 2532; x_wconf 88' lang='lat' dir='ltr'><strong>desperatione</strong></span> <span class='ocrx_word' id='word_1_144' title='bbox 832 2453 1005 2513; x_wconf 89' lang='lat' dir='ltr'><strong>tabuerunt.</strong></span> <span class='ocrx_word' id='word_1_145' title='bbox 1043 2454 1104 2516; x_wconf 88' lang='lat' dir='ltr'><strong>Sed</strong></span> 
     </span>
     <span class='ocr_line' id='line_1_23' title="bbox 50 2550 1108 2638; baseline -0.001 -22"><span class='ocrx_word' id='word_1_146' title='bbox 50 2555 172 2633; x_wconf 85' lang='lat' dir='ltr'><strong>Conon,</strong></span> <span class='ocrx_word' id='word_1_147' title='bbox 186 2563 344 2634; x_wconf 86' lang='lat' dir='ltr'><strong>postquam</strong></span> <span class='ocrx_word' id='word_1_148' title='bbox 356 2561 441 2616; x_wconf 85' lang='lat' dir='ltr'><strong>vasta</strong></span> <span class='ocrx_word' id='word_1_149' title='bbox 454 2553 572 2615; x_wconf 90' lang='lat' dir='ltr'><strong>hostilis</strong></span> <span class='ocrx_word' id='word_1_150' title='bbox 583 2553 641 2616; x_wconf 89' lang='lat' dir='ltr'><strong>soli</strong></span> <span class='ocrx_word' id='word_1_151' title='bbox 656 2552 852 2634; x_wconf 90' lang='lat' dir='ltr'><strong>populatione</strong></span> <span class='ocrx_word' id='word_1_152' title='bbox 867 2553 994 2614; x_wconf 89' lang='lat' dir='ltr'><strong>satiatus</strong></span> <span class='ocrx_word' id='word_1_153' title='bbox 1017 2550 1108 2638; x_wconf 72' lang='grc' dir='ltr'><strong>[152]Ι</strong></span> 
     </span>
     <span class='ocr_line' id='line_1_24' title="bbox 50 2654 1167 2736; baseline 0 -17"><span class='ocrx_word' id='word_1_154' title='bbox 50 2666 110 2734; x_wconf 89' lang='lat' dir='ltr'><strong>est,</strong></span> <span class='ocrx_word' id='word_1_155' title='bbox 134 2657 271 2719; x_wconf 90' lang='lat' dir='ltr'><strong>Athenas</strong></span> <span class='ocrx_word' id='word_1_156' title='bbox 293 2655 408 2736; x_wconf 89' lang='lat' dir='ltr'><strong>pergit,</strong></span> <span class='ocrx_word' id='word_1_157' title='bbox 431 2656 463 2715; x_wconf 92' lang='lat' dir='ltr'><strong>in</strong></span> <span class='ocrx_word' id='word_1_158' title='bbox 486 2656 617 2715; x_wconf 87' lang='lat' dir='ltr'><strong>maximo</strong></span> <span class='ocrx_word' id='word_1_159' title='bbox 639 2654 751 2735; x_wconf 89' lang='lat' dir='ltr'><strong>gaudio</strong></span> <span class='ocrx_word' id='word_1_160' title='bbox 775 2654 888 2715; x_wconf 91' lang='lat' dir='ltr'><strong>civium</strong></span> <span class='ocrx_word' id='word_1_161' title='bbox 911 2654 976 2734; x_wconf 90' lang='lat' dir='ltr'><strong>ipse</strong></span> <span class='ocrx_word' id='word_1_162' title='bbox 999 2657 1104 2736; x_wconf 92' lang='lat' dir='ltr'><strong>tristis,</strong></span> <span class='ocrx_word' id='word_1_163' title='bbox 1165 2732 1167 2734; x_wconf 17' lang='lat'>¹</span> 
     </span>
     <span class='ocr_line' id='line_1_25' title="bbox 51 2735 1173 2838; baseline -0.001 -18"><span class='ocrx_word' id='word_1_164' title='bbox 51 2761 165 2838; x_wconf 90' lang='lat' dir='ltr'><strong>quippe</strong></span> <span class='ocrx_word' id='word_1_165' title='bbox 187 2777 256 2819; x_wconf 89' lang='lat' dir='ltr'><strong>cum</strong></span> <span class='ocrx_word' id='word_1_166' title='bbox 277 2756 399 2818; x_wconf 84' lang='lat' dir='ltr'><strong>videret</strong></span> <span class='ocrx_word' id='word_1_167' title='bbox 420 2755 545 2834; x_wconf 88' lang='lat' dir='ltr'><strong>urbem,</strong></span> <span class='ocrx_word' id='word_1_168' title='bbox 566 2754 679 2835; x_wconf 89' lang='lat' dir='ltr'><strong>populo</strong></span> <span class='ocrx_word' id='word_1_169' title='bbox 703 2754 854 2834; x_wconf 90' lang='lat' dir='ltr'><strong>quondam</strong></span> <span class='ocrx_word' id='word_1_170' title='bbox 877 2754 1025 2834; x_wconf 89' lang='lat' dir='ltr'><strong>cultuque</strong></span> <span class='ocrx_word' id='word_1_171' title='bbox 1047 2775 1103 2819; x_wconf 91' lang='lat' dir='ltr'><strong>cr·</strong></span> <span class='ocrx_word' id='word_1_172' title='bbox 1162 2735 1173 2762; x_wconf 64' lang='lat'>⁸</span> 
     </span>
     <span class='ocr_line' id='line_1_26' title="bbox 51 2855 1104 2936; baseline 0.002 -18"><span class='ocrx_word' id='word_1_173' title='bbox 51 2861 249 2936; x_wconf 76' lang='lat' dir='ltr'><strong>notissimam,</strong></span> <span class='ocrx_word' id='word_1_174' title='bbox 272 2875 355 2920; x_wconf 94' lang='lat' dir='ltr'><strong>nunc</strong></span> <span class='ocrx_word' id='word_1_175' title='bbox 377 2856 544 2920; x_wconf 88' lang='lat' dir='ltr'><strong>miserabili</strong></span> <span class='ocrx_word' id='word_1_176' title='bbox 557 2857 717 2917; x_wconf 88' lang='lat' dir='ltr'><strong>ruinarum</strong></span> <span class='ocrx_word' id='word_1_177' title='bbox 732 2873 768 2917; x_wconf 88' lang='lat' dir='ltr'><strong>ao</strong></span> <span class='ocrx_word' id='word_1_178' title='bbox 790 2855 986 2918; x_wconf 89' lang='lat' dir='ltr'><strong>desolationis</strong></span> <span class='ocrx_word' id='word_1_179' title='bbox 1005 2874 1104 2936; x_wconf 92' lang='lat' dir='ltr'><strong>squa-</strong></span> 
     </span>
     <span class='ocr_line' id='line_1_27' title="bbox 51 2957 1119 3039; baseline 0.002 -19"><span class='ocrx_word' id='word_1_180' title='bbox 51 2960 116 3022; x_wconf 88' lang='lat' dir='ltr'><strong>lore</strong></span> <span class='ocrx_word' id='word_1_181' title='bbox 151 2958 331 3022; x_wconf 88' lang='lat' dir='ltr'><strong>coulectam.</strong></span> <span class='ocrx_word' id='word_1_182' title='bbox 376 2959 482 3038; x_wconf 89' lang='lat' dir='ltr'><strong>ltaque</strong></span> <span class='ocrx_word' id='word_1_183' title='bbox 516 2975 659 3039; x_wconf 92' lang='lat' dir='ltr'><strong>magnum</strong></span> <span class='ocrx_word' id='word_1_184' title='bbox 689 2957 810 3036; x_wconf 91' lang='lat' dir='ltr'><strong>pietatis</strong></span> <span class='ocrx_word' id='word_1_185' title='bbox 838 2957 1119 3039; x_wconf 69' lang='lat' dir='ltr'><strong>miserationisque</strong></span> 
     </span>
    </p>
   </div>
   <div class='ocr_carea' id='block_1_4' title="bbox 52 3057 1209 3151">
    <p class='ocr_par' dir='ltr' id='par_1_4' title="bbox 52 3057 1209 3151">
     <span class='ocr_line' id='line_1_28' title="bbox 52 3057 1209 3151; baseline 0.001 -29"><span class='ocrx_word' id='word_1_186' title='bbox 52 3067 286 3122; x_wconf 86' lang='lat' dir='ltr'><strong>monumentum</strong></span> <span class='ocrx_word' id='word_1_187' title='bbox 318 3061 350 3121; x_wconf 91' lang='lat' dir='ltr'><strong>in</strong></span> <span class='ocrx_word' id='word_1_188' title='bbox 383 3061 576 3151; x_wconf 85' lang='lat' dir='ltr'><strong>reparatione</strong></span> <span class='ocrx_word' id='word_1_189' title='bbox 604 3058 671 3138; x_wconf 87' lang='lat' dir='ltr'><strong>ejus</strong></span> <span class='ocrx_word' id='word_1_190' title='bbox 699 3065 841 3138; x_wconf 91' lang='lat' dir='ltr'><strong>operatus</strong></span> <span class='ocrx_word' id='word_1_191' title='bbox 869 3066 924 3120; x_wconf 90' lang='lat' dir='ltr'><strong>est.</strong></span> <span class='ocrx_word' id='word_1_192' title='bbox 968 3057 1106 3139; x_wconf 88' lang='lat' dir='ltr'><strong>Namque</strong></span> <span class='ocrx_word' id='word_1_193' title='bbox 1206 3086 1209 3093; x_wconf 46' lang='lat'>¹</span> 
     </span>
    </p>
   </div>
   <div class='ocr_carea' id='block_1_5' title="bbox 53 3159 1111 3951">
    <p class='ocr_par' dir='ltr' id='par_1_5' title="bbox 53 3159 1111 3951">
     <span class='ocr_line' id='line_1_29' title="bbox 53 3159 1106 3241; baseline -0.003 -17"><span class='ocrx_word' id='word_1_194' title='bbox 53 3180 131 3241; x_wconf 86' lang='lat' dir='ltr'><strong>cam,</strong></span> <span class='ocrx_word' id='word_1_195' title='bbox 155 3161 437 3224; x_wconf 80' lang='lat' dir='ltr'><strong>abacedaemoniis</strong></span> <span class='ocrx_word' id='word_1_196' title='bbox 459 3161 657 3236; x_wconf 87' lang='lat' dir='ltr'><strong>exinanitam,</strong></span> <span class='ocrx_word' id='word_1_197' title='bbox 679 3159 988 3220; x_wconf 86' lang='lat' dir='ltr'><strong>Lacedaemoniorum</strong></span> <span class='ocrx_word' id='word_1_198' title='bbox 1011 3177 1106 3240; x_wconf 90' lang='lat' dir='ltr'><strong>prae-</strong></span> 
     </span>
     <span class='ocr_line' id='line_1_30' title="bbox 55 3245 1109 3342; baseline -0.003 -17"><span class='ocrx_word' id='word_1_199' title='bbox 55 3263 101 3325; x_wconf 91' lang='lat' dir='ltr'><strong>dis</strong></span> <span class='ocrx_word' id='word_1_200' title='bbox 140 3263 281 3342; x_wconf 87' lang='lat' dir='ltr'><strong>replevit.</strong></span> <span class='ocrx_word' id='word_1_201' title='bbox 338 3263 437 3326; x_wconf 88' lang='lat' dir='ltr'><strong>Parsis</strong></span> <span class='ocrx_word' id='word_1_202' title='bbox 475 3259 712 3329; x_wconf 89' lang='lat' dir='ltr'><strong>incendentibus</strong></span> <span class='ocrx_word' id='word_1_203' title='bbox 750 3245 971 3320; x_wconf 78' lang='lat' dir='ltr'><strong>concrematam</strong></span> <span class='ocrx_word' id='word_1_204' title='bbox 1009 3259 1109 3324; x_wconf 91' lang='lat' dir='ltr'><strong>Persis</strong></span> 
     </span>
     <span class='ocr_line' id='line_1_31' title="bbox 54 3359 1107 3436; baseline -0.001 -12"><span class='ocrx_word' id='word_1_205' title='bbox 54 3362 288 3426; x_wconf 84' lang='lat' dir='ltr'><strong>aedificantibus</strong></span> <span class='ocrx_word' id='word_1_206' title='bbox 320 3363 506 3426; x_wconf 78' lang='lat' dir='ltr'><strong>reformavit.</strong></span> <span class='ocrx_word' id='word_1_207' title='bbox 550 3361 671 3421; x_wconf 88' lang='lat' dir='ltr'><strong>interea</strong></span> <span class='ocrx_word' id='word_1_208' title='bbox 697 3359 901 3436; x_wconf 86' lang='lat' dir='ltr'><strong>Artaxerxes,</strong></span> <span class='ocrx_word' id='word_1_209' title='bbox 935 3359 1002 3422; x_wconf 86' lang='lat' dir='ltr'><strong>Rex</strong></span> <span class='ocrx_word' id='word_1_210' title='bbox 1029 3362 1107 3424; x_wconf 90' lang='lat' dir='ltr'><strong>Pcr-</strong></span> 
     </span>
     <span class='ocr_line' id='line_1_32' title="bbox 55 3459 1108 3546; baseline -0.002 -20"><span class='ocrx_word' id='word_1_211' title='bbox 55 3482 173 3540; x_wconf 88' lang='lat' dir='ltr'><strong>sarum,</strong></span> <span class='ocrx_word' id='word_1_212' title='bbox 205 3465 285 3526; x_wconf 90' lang='lat' dir='ltr'><strong>sicut</strong></span> <span class='ocrx_word' id='word_1_213' title='bbox 307 3465 458 3546; x_wconf 89' lang='lat' dir='ltr'><strong>principio</strong></span> <span class='ocrx_word' id='word_1_214' title='bbox 480 3462 595 3524; x_wconf 89' lang='lat' dir='ltr'><strong>dictum</strong></span> <span class='ocrx_word' id='word_1_215' title='bbox 618 3467 680 3538; x_wconf 90' lang='lat' dir='ltr'><strong>est,</strong></span> <span class='ocrx_word' id='word_1_216' title='bbox 702 3461 855 3522; x_wconf 87' lang='lat' dir='ltr'><strong>universis</strong></span> <span class='ocrx_word' id='word_1_217' title='bbox 879 3459 1025 3524; x_wconf 87' lang='lat' dir='ltr'><strong>Graeciae</strong></span> <span class='ocrx_word' id='word_1_218' title='bbox 1048 3481 1108 3543; x_wconf 88' lang='lat' dir='ltr'><strong>po·-</strong></span> 
     </span>
     <span class='ocr_line' id='line_1_33' title="bbox 56 3563 1109 3646; baseline -0.003 -19"><span class='ocrx_word' id='word_1_219' title='bbox 56 3567 136 3644; x_wconf 89' lang='lat' dir='ltr'><strong>pulis</strong></span> <span class='ocrx_word' id='word_1_220' title='bbox 164 3583 220 3645; x_wconf 90' lang='lat' dir='ltr'><strong>per</strong></span> <span class='ocrx_word' id='word_1_221' title='bbox 246 3566 380 3646; x_wconf 85' lang='lat' dir='ltr'><strong>legatos,</strong></span> <span class='ocrx_word' id='word_1_222' title='bbox 414 3571 449 3624; x_wconf 88' lang='lat' dir='ltr'><strong>ut</strong></span> <span class='ocrx_word' id='word_1_223' title='bbox 477 3563 514 3625; x_wconf 90' lang='lat' dir='ltr'><strong>ab</strong></span> <span class='ocrx_word' id='word_1_224' title='bbox 541 3565 632 3625; x_wconf 90' lang='lat' dir='ltr'><strong>armis</strong></span> <span class='ocrx_word' id='word_1_225' title='bbox 661 3563 869 3640; x_wconf 87' lang='lat' dir='ltr'><strong>discederent,</strong></span> <span class='ocrx_word' id='word_1_226' title='bbox 899 3571 936 3624; x_wconf 90' lang='lat' dir='ltr'><strong>et·</strong></span> <span class='ocrx_word' id='word_1_227' title='bbox 956 3565 1022 3642; x_wconf 90' lang='lat' dir='ltr'><strong>paci</strong></span> <span class='ocrx_word' id='word_1_228' title='bbox 1050 3564 1109 3624; x_wconf 91' lang='lat' dir='ltr'><strong>ad·-</strong></span> 
     </span>
     <span class='ocr_line' id='line_1_34' title="bbox 57 3661 1111 3746; baseline -0.006 -20"><span class='ocrx_word' id='word_1_229' title='bbox 57 3667 273 3746; x_wconf 91' lang='lat' dir='ltr'><strong>quiescerent‚</strong></span> <span class='ocrx_word' id='word_1_230' title='bbox 312 3666 489 3746; x_wconf 87' lang='lat' dir='ltr'><strong>imperavit:</strong></span> <span class='ocrx_word' id='word_1_231' title='bbox 528 3682 588 3725; x_wconf 90' lang='lat' dir='ltr'><strong>non</strong></span> <span class='ocrx_word' id='word_1_232' title='bbox 626 3663 708 3743; x_wconf 93' lang='lat' dir='ltr'><strong>quod</strong></span> <span class='ocrx_word' id='word_1_233' title='bbox 745 3664 985 3724; x_wconf 90' lang='lat' dir='ltr'><strong>misericorditer</strong></span> <span class='ocrx_word' id='word_1_234' title='bbox 1021 3661 1111 3721; x_wconf 82' lang='lat' dir='ltr'><strong>fessis</strong></span> 
     </span>
     <span class='ocr_line' id='line_1_35' title="bbox 58 3761 1111 3852; baseline -0.003 -25"><span class='ocrx_word' id='word_1_235' title='bbox 58 3768 249 3844; x_wconf 88' lang='lat' dir='ltr'><strong>consuleret,</strong></span> <span class='ocrx_word' id='word_1_236' title='bbox 277 3767 334 3830; x_wconf 92' lang='lat' dir='ltr'><strong>sed</strong></span> <span class='ocrx_word' id='word_1_237' title='bbox 355 3785 411 3843; x_wconf 92' lang='lat' dir='ltr'><strong>ne,</strong></span> <span class='ocrx_word' id='word_1_238' title='bbox 434 3783 469 3852; x_wconf 79' lang='lat' dir='ltr'><strong>se</strong></span> <span class='ocrx_word' id='word_1_239' title='bbox 491 3767 522 3826; x_wconf 91' lang='lat' dir='ltr'><strong>in</strong></span> <span class='ocrx_word' id='word_1_240' title='bbox 545 3764 686 3844; x_wconf 82' lang='lat' dir='ltr'><strong>Aegypto</strong></span> <span class='ocrx_word' id='word_1_241' title='bbox 709 3763 799 3826; x_wconf 92' lang='lat' dir='ltr'><strong>bellis</strong></span> <span class='ocrx_word' id='word_1_242' title='bbox 821 3771 986 3842; x_wconf 89' lang='lat' dir='ltr'><strong>occupato,</strong></span> <span class='ocrx_word' id='word_1_243' title='bbox 1008 3761 1111 3840; x_wconf 88' lang='lat' dir='ltr'><strong>aliqua</strong></span> 
     </span>
     <span class='ocr_line' id='line_1_36' title="bbox 59 3866 709 3951; baseline -0.003 -23"><span class='ocrx_word' id='word_1_244' title='bbox 59 3868 91 3928; x_wconf 92' lang='lat' dir='ltr'><strong>in</strong></span> <span class='ocrx_word' id='word_1_245' title='bbox 112 3887 245 3951; x_wconf 90' lang='lat' dir='ltr'><strong>reguum</strong></span> <span class='ocrx_word' id='word_1_246' title='bbox 267 3885 355 3932; x_wconf 86' lang='lat' dir='ltr'><strong>snum</strong></span> <span class='ocrx_word' id='word_1_247' title='bbox 380 3874 551 3930; x_wconf 87' lang='lat' dir='ltr'><strong>tentaretur</strong></span> <span class='ocrx_word' id='word_1_248' title='bbox 572 3866 709 3945; x_wconf 90' lang='lat' dir='ltr'><strong>irruptio.</strong></span> 
     </span>
    </p>
   </div>
   <div class='ocr_carea' id='block_1_6' title="bbox 0 0 1331 4434">
    <p class='ocr_par' dir='ltr' id='par_1_6' title="bbox 0 0 1331 4434">
     <span class='ocr_line' id='line_1_37' title="bbox 0 0 1331 4434; baseline 0 0"><span class='ocrx_word' id='word_1_249' title='bbox 0 0 1331 4434; x_wconf 95' lang='lat' dir='ltr'><strong> </strong></span> 
     </span>
    </p>
   </div>
  </div>
 </body>
</html>
