2634 4434
617 320 824 434 „tt-8...

194 569 261 650 spei
281 566 361 629 viam
384 562 475 643 fecit,
502 562 649 625 universo
676 561 768 625 simul
795 562 919 644 agmine
945 558 1085 642 prorupit
1112 576 1131 621 e
1158 558 1251 637 vallo,

194 684 365 748 campoque
390 681 461 728 sese
490 663 581 726 simul
614 669 647 725 et
678 659 795 743 praelio
827 663 919 725 dedit.
963 660 1003 721 Et
1034 677 1104 721 cum
1139 660 1252 722 iterum

195 766 373 831 circumfusi
404 764 507 827 hostes
536 780 598 825 non
626 764 725 825 solum
753 763 884 848 agminis
917 768 1055 823 extrema
1087 760 1252 836 laniarent,

194 868 416 943 verumetiam
440 866 538 927 media
566 866 706 926 excussis
735 862 841 943 procul
868 862 939 925 telis
965 861 1149 923 caederent:
1181 866 1254 921 tur-

194 968 345 1046 batosque
366 965 520 1027 Romanos
542 966 671 1045 insuper
691 965 783 1025 etiam
805 971 909 1026 aestus
938 961 1028 1040 solis,
1055 960 1253 1023 intolerantia

194 1069 273 1146 sitis,
295 1066 401 1127 mortis
424 1064 650 1127 circumstantia
672 1064 833 1144 usquead
854 1071 1025 1125 extremum
1052 1060 1253 1141 desperatio·

195 1170 245 1230 nis
267 1164 486 1248 defatigarent,
514 1164 616 1227 subito
646 1173 751 1227 notum
779 1163 855 1227 lllud
876 1163 1081 1227 Romanorum
1103 1162 1254 1224 adversus

196 1268 288 1331 Afros
315 1272 528 1347 tempestatum
557 1264 765 1346 imbriumque
790 1264 970 1346 suffragium
1003 1264 1092 1325 coelo
1126 1262 1252 1324 missum

197 1371 371 1449 insperatae
387 1366 478 1429 saluti
493 1365 568 1427 11111
591 1364 745 1446 siquidem
767 1365 928 1445 repentina
951 1364 1054 1444 pluvia
1076 1361 1252 1427 sitientibus

196 1468 339 1531 Romanis
369 1473 401 1529 11
427 1464 638 1529 aestuantibus
668 1463 864 1547 refrigerium
897 1473 1067 1546 potumque
1100 1462 1250 1543 praebuit
1308 1471 1309 1478 ’

196 1571 289 1632 Porro
311 1575 413 1631 autem
435 1566 575 1629 Numidis
596 1564 717 1628 hastilia
744 1565 891 1642 telorum,
919 1582 1000 1646 quae
1027 1582 1121 1627 11111
1150 1565 1251 1625 intor-

198 1686 294 1751 quere
309 1669 377 1731 sinc
392 1668 522 1729 amentis
541 1665 654 1743 solent,
677 1664 795 1729 lubrica
816 1684 854 1728 11
874 1683 932 1745 per
951 1665 1010 1729 boc
1031 1666 1154 1728 inutilia
1175 1662 1251 1726 red·

197 1770 289 1833 didit:
328 1769 419 1831 Scuta
449 1768 556 1844 etiam,
586 1784 666 1847 quae
693 1766 849 1845 elephanti
881 1767 966 1829 corio
999 1772 1127 1828 extento
1160 1770 1251 1844 atque

197 1870 305 1931 durato
328 1868 440 1929 habilia
462 1874 494 1929 ct
516 1873 580 1928 tuta
608 1866 785 1947 gestabant,
814 1869 903 1948 cujus
931 1884 968 1928 11
995 1874 1104 1928 natura
1130 1871 1195 1946 est,
1219 1870 1252 1926 ut

197 1975 356 2048 acceptum
387 1964 515 2029 imbrem
549 1973 694 2047 tanquam
726 1968 854 2049 spongia
887 1966 1007 2045 ebibat,
1040 1984 1076 2029 11
1105 1983 1164 2046 per
1195 1965 1251 2027 boc

198 2067 391 2131 intractabile
417 2068 581 2147 repentino
608 2067 745 2147 pondere
772 2066 840 2145 liat,
870 2068 943 2148 quia
971 2066 1164 2130 circumferri
1191 2082 1250 2127 non

198 2175 349 2249 poterant,
372 2165 541 2231 defendero
563 2168 796 2249 nequinerunt⁸
814 2168 858 2232 lta
881 2186 921 2230 en
943 2170 1098 2249 insperato
1119 2172 1249 2229 contur-

198 2270 278 2333 batis
299 2270 516 2349 destitutisque
539 2267 652 2329 Mauris
675 2274 707 2329 et
727 2267 867 2331 Numidis
888 2269 1027 2331 Bocclrus
1050 2275 1082 2332 et
1102 2265 1250 2349 iugurtha

198 2370 353 2453 fugerunt.
397 2368 468 2430 Post
494 2366 553 2430 111
575 2368 741 2449 nonaginta
765 2369 857 2431 millia
880 2376 1063 2431 armatorum
1086 2368 1250 2430 novissimo

199 2470 282 2533 bello
309 2468 347 2533 ab
376 2470 484 2532 iisdem
512 2470 639 2551 regibus
668 2470 803 2549 objecta3
831 2471 909 2533 baec
935 2488 1060 2551 quoquo
1088 2486 1189 2549 usque
1216 2468 1250 2529 ad

199 2571 443 2633 internecionem
473 2569 616 2632 Romanis
643 2570 839 2633 vincentibus
867 2589 956 2634 caesa
977 2570 1165 2634 referuntur.
1209 2566 1251 2629 lin

199 2688 239 2731 11
261 2670 398 2733 Bacchum
420 2688 505 2751 spem
528 2670 603 2732 belli
625 2669 791 2751 abjiciens,
813 2690 919 2751 pacem
948 2673 1073 2753 petivit:
1102 2678 1197 2751 atque
1221 2670 1249 2729 in

200 2771 331 2851 pretium
347 2772 430 2852 pacis
444 2769 638 2853 Jugurtbam,
662 2769 732 2832 dolo
753 2779 875 2852 captum
897 2774 1078 2855 catenisque
1100 2772 1249 2845 obrutum,

200 2890 256 2952 per
284 2872 398 2935 Sullam
427 2872 561 2952 legatum
591 2872 674 2933 misit
705 2871 742 2933 ad
772 2870 915 2935 diarium:
950 2875 1004 2955 qui
1037 2875 1069 2936 in
1101 2871 1249 2952 triumpho

200 2968 288 3053 [325]
310 2979 382 3034 ante
404 2988 527 3032 currum
550 2989 620 3033 cum
643 2971 764 3034 duobus
785 2972 857 3036 liliis
877 2976 942 3037 suis
964 2982 1063 3061 actus,
1084 2981 1116 3036 et
1139 2973 1249 3035 morin
1302 2935 1306 3008 ⁴

201 3088 326 3133 carcere
354 3070 560 3153 strangulatus
588 3080 642 3136 111.
686 3073 797 3137 lisdem
827 3076 936 3139 diebus
961 3075 1150 3139 obscoenum
1179 3090 1248 3153 pro·
1302 3011 1307 3129 1

72 3226 77 3235 .
201 3172 318 3254 digium
343 3191 380 3235 ao
408 3173 495 3235 triste
522 3174 621 3237 visum
650 3183 706 3240 111.
749 3176 783 3238 1.
810 3176 940 3239 11111111
965 3194 1064 3257 eques
1090 3176 1248 3250 Romanus,

201 3292 272 3335 cum
294 3291 392 3336 uxore
415 3279 446 3335 et
468 3271 528 3336 iilia
551 3274 589 3337 de
612 3274 706 3339 Roma
733 3278 765 3339 in
780 3277 935 3358 xApuliam
964 3276 1104 3355 rediens,
1132 3282 1248 3356 tempe-

202 3379 280 3435 state
302 3380 471 3453 correptus,
494 3393 563 3437 oum
587 3375 678 3439 filiam
701 3384 925 3440 consternatam
948 3376 1079 3455 videret,
1109 3384 1146 3439 ut
1166 3377 1248 3439 citius

201 3471 395 3553 propioribus
418 3473 506 3535 tectis
526 3476 740 3557 succederent,
762 3479 879 3542 relictis
899 3477 1050 3541 vehiculis
1064 3478 1249 3558 arreptisque

109 3578 111 3581 ’
202 3574 292 3654 equis
319 3572 410 3633 filiam
439 3576 591 3657 virginem
620 3596 703 3660 equo
730 3580 914 3641 insidentem
937 3580 969 3641 in
992 3579 1126 3640 medium
1147 3594 1249 3659 agmen

201 3675 331 3755 accepit.
366 3674 469 3737 Puella
493 3680 638 3741 contiuuo
660 3680 726 3741 ictu
747 3677 885 3740 fulminis
906 3662 1078 3741 1111111111
1101 3686 1157 3739 est.
1194 3678 1249 3741 Sed

202 3774 345 3837 omnibus
366 3776 435 3836 sinc
456 3778 588 3839 scissura
610 3778 713 3859 aliqua
740 3780 933 3841 vestimentis
959 3779 1104 3856 ademtis,
1132 3796 1169 3840 ac
1195 3797 1249 3859 pe-

201 3874 296 3935 ctoris
319 3874 493 3953 pedumque
519 3876 653 3940 vinculis
683 3879 856 3957 dissolutis,
884 3880 1050 3941 monilibus
1076 3880 1173 3941 etiam
1194 3897 1249 3941 an·

204 3971 348 4053 nulisque
370 3974 531 4053 discussis,
559 3977 625 4056 ipso
648 3995 773 4061 quoque
795 3998 924 4062 corpore
945 3980 1069 4059 illaeso,
1091 3980 1153 4043 nisi
1175 3980 1250 4061 quod
