2634 4434
202 551 342 632 quinquo
363 549 458 612 millia
479 547 605 611 duces
597 549 655 628 rpsi
678 547 893 610 miserabiliter
912 546 1045 610 ambusti
1060 564 1155 630 aegre
1169 547 1260 612 ellu-

199 658 323 732 gerunt.
366 647 519 712 Asdrubal
547 649 713 729 imperator
740 647 953 740 Carthaginem
982 645 1131 729 profugus
1159 649 1258 710 venit

199 750 308 831 ltaque
323 747 447 829 Syphax
460 757 493 811 et
507 747 660 812 Asdrubal
676 767 747 811 mox
765 731 927 829 plurimum
950 765 1135 827 reparavere
1158 766 1259 809 exer·
1314 757 1315 776 ³

202 852 311 926 citum,
334 855 427 929 atque
450 849 561 910 iterum
583 866 653 910 cnm
678 848 822 929 Scipione
844 849 1003 930 congressi
1024 854 1096 910 sunt
1116 848 1261 928 victique

201 947 355 1030 ingemunt.
393 947 561 1029 Syphacem
582 947 752 1031 fugientem
768 948 891 1010 Laelius
906 955 938 1010 et
952 947 1133 1010 Massanissn
1157 965 1260 1028 cepe-

200 1055 287 1126 runt,
314 1055 436 1112 caetera
463 1049 626 1113 multitudo
649 1049 760 1112 Cirtam
784 1046 938 1130 confugit,
961 1065 1052 1128 quam
1074 1046 1261 1111 Massanisss

201 1154 405 1228 oppugnatam
427 1149 459 1210 in
481 1149 669 1213 deditionem
691 1151 819 1231 reecpit,
843 1147 1011 1230 Syphacem
1026 1147 1065 1210 ad
1081 1147 1261 1228 Scipionem

202 1249 320 1310 catenis
341 1249 478 1312 vinctum
501 1250 639 1326 deduxit,
662 1267 754 1330 quem
771 1249 873 1330 Scipio
888 1267 958 1310 oum
979 1249 1158 1330 ingentibus
1180 1265 1256 1328 spo·

201 1345 252 1408 liis
266 1347 468 1430 plurimisque
482 1351 611 1430 captivis
620 1348 746 1412 Romam
762 1348 992 1429 perducendum
1004 1348 1108 1412 Laelio
1123 1348 1259 1412 tradidit.

549 1530 739 1668 dopnt
789 1527 914 1638 lllll.

222 1719 425 1788 Annibalem
445 1722 482 1789 in
502 1718 657 1808 Africam
679 1725 876 1794 reuocatum
898 1739 920 1785 n
943 1716 1107 1804 Scipione
1128 1738 1242 1804 supe-

264 1826 380 1890 ratum
396 1819 620 1907 fugatumque
636 1820 766 1907 finisse:
794 1825 829 1888 et
849 1818 1198 1905 Carthaginiensibus

443 1941 565 2006 pacem
590 1923 806 1990 concessisse
825 1921 1012 1991 Romanos.

286 2046 422 2109 Annibal
441 2049 545 2111 redire
566 2049 599 2110 in
624 2047 759 2112 Africam
783 2052 888 2133 jussus
916 2057 950 2111 ut
977 2047 1068 2110 fessis
1091 2046 1259 2129 Cartbagi-

202 2146 363 2210 niensibus
385 2147 566 2211 subveniret
586 2149 664 2212 flens
686 2151 812 2233 reliquit
833 2151 964 2228 ltaliam,
995 2146 1138 2210 omnibus
1160 2146 1261 2214 ltalioi

201 2249 327 2326 generis
349 2249 497 2312 militibus
518 2250 573 2331 qui
594 2251 684 2332 sequi
707 2251 824 2314 nollent
841 2249 1023 2325 intersectis,
1047 2248 1098 2308 cui
1113 2247 1152 2310 ad
1167 2247 1259 2310 Atri-

203 2363 313 2408 canum
335 2347 407 2410 litus
429 2351 645 2431 propinquanti
664 2355 769 2434 jussus
791 2348 913 2428 quidam
937 2365 955 2407 e
974 2346 1105 2408 nauticis
1120 2347 1258 2410 adscen-

203 2445 278 2510 dere
300 2447 333 2510 in
353 2448 492 2512 arborem
509 2455 607 2530 navis,
629 2458 722 2529 atque
736 2449 808 2510 inde
822 2447 974 2527 speculari
990 2455 1081 2526 quum
1096 2449 1258 2528 regionem

203 2553 325 2610 teneret
338 2549 534 2630 sepulchrum
550 2553 683 2613 dirutum
699 2565 734 2611 se
749 2549 942 2629 prospexisse
964 2546 1132 2627 respondit.
1165 2548 1258 2609 Abo-

206 2641 291 2729 [2681
320 2651 451 2714 minatus
479 2651 593 2712 dictum
620 2646 770 2724 Annibal,
804 2647 925 2710 deflexo
953 2665 1047 2709 eursu
1074 2647 1111 2708 ad
1138 2646 1258 2727 Leptim

204 2748 347 2827 oppidum
369 2752 473 2831 copias
494 2747 644 2828 exposuit.
683 2748 742 2822 Qui
758 2749 904 2810 continuo
918 2746 1036 2810 relecta
1051 2746 1258 2822 multitudine,

205 2847 418 2931 Carthaginem
440 2848 527 2910 venit
547 2846 661 2910 deinde
683 2848 870 2928 colloquium
894 2846 1045 2927 Scipionis
1067 2847 1162 2926 petiit.
1203 2846 1259 2908 Ubi

204 2965 274 3009 oum
296 2965 331 3010 se
353 2949 406 3009 diu
428 2947 556 3008 adtoniti
575 2947 776 3010 admiratione
791 2955 895 3010 mutua
911 2947 971 3008 duo
986 2947 1147 3010 clarissimi
1162 2947 1258 3008 duces
1314 3009 1315 3012 ,

203 3047 425 3125 suspexissent,
447 3045 564 3109 inlecto
585 3047 668 3127 pacis
690 3049 816 3130 negotio
838 3047 985 3128 praelium
1001 3053 1178 3110 consertum
1195 3054 1257 3110 est:

205 3144 288 3224 quod
311 3146 364 3209 diu
386 3147 506 3230 magnis
527 3147 640 3211 ducum
662 3148 778 3211 artibus
801 3148 991 3228 dispositum,
1014 3148 1132 3234 magnis
1148 3147 1257 3227 copia-

203 3262 272 3322 rum
294 3247 426 3311 molibus
447 3255 579 3331 gestum,
602 3251 721 3331 magnis
740 3249 869 3310 militum
883 3247 1001 3308 viribus
1016 3255 1257 3309 consummatum

204 3344 349 3410 Romanis
381 3350 541 3412 victoriam
573 3350 711 3412 contulit.
755 3346 917 3428 Octoginta
950 3347 992 3409 ibi
1023 3345 1179 3426 elephanti
1210 3345 1257 3408 vel

206 3447 287 3524 capti
319 3446 370 3509 vel
402 3449 498 3512 occisi
529 3456 617 3526 sunt,
655 3446 951 3528 Carthaginiensium
989 3445 1152 3508 interiecta
1189 3451 1259 3508 sunt

205 3545 316 3626 viginti
338 3547 432 3612 millia
454 3550 631 3633 quingenti,
659 3546 793 3610 Annibal
820 3547 922 3608 omnia
953 3553 984 3608 et
1010 3553 1083 3608 ante
1111 3545 1258 3625 praelium

92 3679 97 3683 -
206 3652 239 3707 et
260 3647 292 3708 in
315 3649 430 3725 praelio
457 3656 618 3730 expertus,
646 3663 716 3708 oum
744 3646 849 3726 paucis
876 3645 935 3708 hoe
962 3653 1010 3708 est
1041 3647 1094 3707 viu
1127 3654 1258 3726 quatuor

206 3746 364 3824 equitibus
399 3751 481 3812 inter
500 3745 678 3810 'tumultum
716 3745 837 3824 elapsus
870 3745 1071 3809 Adrumetum
1108 3745 1257 3827 confugit

206 3844 314 3910 Postea
336 3847 549 3938 Carthaginem
571 3852 640 3926 post
661 3862 717 3908 sex
739 3852 770 3907 et
792 3845 916 3926 triginta
937 3863 1045 3924 annos,
1069 3864 1160 3926 quam
1188 3844 1257 3907 inde
1314 3893 1315 3902 ,

205 3961 317 4024 parvus
344 3963 413 4010 cum
441 3953 526 4026 patre
553 3946 688 4024 exierat,
721 3946 821 4010 venit:
857 3947 1105 4026 consultantique
1138 3943 1257 4010 senatui
