2634 4434
730 311 801 379 188

661 410 869 423 ...u-—

237 552 361 634 quidem
384 557 457 613 tunc
479 549 511 611 in
537 547 636 610 sinum
666 544 762 626 ipsius
789 543 922 607 civitatis
951 525 1129 605 eversarum
1156 542 1291 604 omnium

238 653 371 729 urbium,
385 649 636 727 nudatarumque
658 654 808 709 terrarum
824 644 951 707 abrasae
966 642 1105 723 undique
1120 659 1200 723 opes
1216 660 1291 705 con·

117 740 122 745 ’
237 752 440 834 gerebantur,
468 766 537 811 cum
567 748 631 828 ipsa
659 746 753 807 Roma
781 746 864 825 turpi
893 744 1039 825 adigente
1065 743 1173 825 inopia
1202 762 1290 825 prae·

238 854 343 933 eipuas
375 852 424 915 sui
456 856 558 929 partes
589 845 830 910 auctionabatur.
880 843 1085 919 Quamobrem
1118 845 1292 906 consideret

239 959 312 1015 tunc
340 959 476 1031 tempora
506 967 577 1027 sua,
606 966 676 1010 cum
707 946 794 1027 quasi
817 944 1013 1025 inexplebilis
1035 950 1162 1022 venter,
1187 954 1306 1015 eunom,

239 1069 424 1115 consumens
446 1060 477 1115 et
498 1067 620 1131 semper
641 1050 798 1125 esuriens,
821 1046 940 1109 cunctis
962 1043 1107 1121 urbibus,
1131 1063 1214 1125 quas
1236 1048 1290 1107 mi·
1312 1081 1313 1087 κ

238 1170 323 1217 seras
339 1152 481 1230 iaciebat,
503 1152 567 1231 ipsa
591 1150 742 1226 miserior,
765 1147 841 1210 nihil
863 1148 1043 1226 relinquens
1065 1144 1141 1208 nibil
1164 1146 1289 1208 babebat

239 1262 271 1317 et
299 1253 422 1317 stimulo
456 1252 642 1314 domesticae
675 1249 764 1311 lamis
797 1250 836 1311 ad
868 1247 1131 1309 continuationem
1165 1247 1313 1309 bellicae*

239 1354 462 1434 inquietudinis
484 1350 673 1413 trudebatur.
712 1348 823 1411 lisdem
845 1346 1035 1427 temporibus
1057 1364 1115 1407 rex
1138 1347 1296 1409 Sothimus'

240 1472 309 1517 oum
334 1453 450 1533 magnis
473 1450 621 1512 Thracum
645 1448 768 1511 auxiliis
791 1445 949 1509 Graeciam
973 1448 1143 1528 ingressus,
1167 1455 1286 1510 cunctos

239 1553 437 1617 Macedoniae
460 1551 536 1613 fines
564 1549 765 1631 depopulatus
791 1555 854 1610 est:
884 1548 1070 1628 tandemque
1092 1567 1110 1609 a
1134 1548 1165 1610 G.
1190 1548 1285 1611 Sentio

239 1661 380 1735 praetore
402 1660 574 1735 superatus,
596 1651 699 1715 redire
721 1651 753 1713 in
775 1666 905 1731 regnum
928 1655 1053 1711 coactus
1074 1656 1132 1711 est.

242 1937 331 2023 [aar]
464 2000 471 2023 ,
535 1902 774 2041 ,bapti
821 1900 948 2010 xlx.

240 2106 297 2173 De
319 2106 402 2173 dello
425 2110 512 2174 cicili
533 2108 701 2202 Mariano
724 2111 757 2173 el
777 2106 1024 2188 Mithridatico,
1046 2109 1083 2173 ia
1104 2125 1173 2199 qao
1196 2104 1286 2173 Sallu

242 2214 278 2275 et
291 2208 433 2275 Marias
447 2213 619 2277 maximos
634 2212 802 2275 tumultus
823 2210 1105 2293 calamitatesque
1126 2210 1285 2294 reipubli-

616 2330 679 2378 cae
700 2312 919 2377 invexerant.

325 2466 416 2528 Anno
438 2466 476 2528 ab
504 2465 592 2533 Urbe.
614 2468 735 2537 condita
762 2464 989 2528 sexcentesimo
1017 2458 1213 2547 sexagesimo
1238 2484 1284 2528 se·

240 2567 353 2643 eundo,
377 2567 510 2628 nondum
534 2567 620 2629 hnito
642 2568 749 2629 sociali
771 2566 864 2644 bello,
892 2565 1005 2627 Romae
1028 2567 1158 2646 primum
1182 2566 1284 2628 bellun

242 2666 334 2728 civile
357 2673 539 2727 commotum
556 2674 618 2727 est:
643 2668 911 2747 eodemqueanno
927 2665 1165 2728 Mithridaticum
1181 2666 1283 2729 bellan

242 2767 301 2829 etsi
323 2766 424 2827 minus
447 2764 575 2843 infame,
604 2783 667 2827 non
694 2773 798 2829 tamen
826 2768 926 2829 minus
952 2784 1048 2849 grave
1075 2774 1217 2846 coeptum
1240 2774 1282 2829 est

241 2866 279 2928 Et
302 2865 424 2947 quidem
448 2866 486 2927 de
508 2864 704 2937 Mithridatici
726 2867 800 2929 belli
827 2870 924 2947 spatio
951 2868 1037 2929 varie
1065 2867 1210 2929 traditum
1237 2873 1282 2942 est,

78 2992 91 3004 “
130 2966 134 2969 ’
234 2968 343 3029 'utrum
366 2965 477 3051 abhinc
504 2966 633 3044 primum
659 2968 810 3046 coeperit,
837 2986 877 3029 an
905 2975 978 3030 tunc
1005 2969 1171 3048 praecipue
1199 2956 1281 3030 exarss

241 3068 327 3145 serit,
349 3055 480 3127 maxime
501 3084 570 3127 cum
592 3066 644 3129 alii
666 3068 802 3148 triginta,
825 3069 877 3130 alii
899 3069 1100 3149 quadraginta
1122 3070 1211 3131 annis
1231 3086 1281 3149 ge·

241 3165 487 3241 stumreieraut.
522 3165 583 3230 Sed
605 3170 745 3247 quamvis
766 3169 875 3232 iisdem
897 3169 1086 3249 temporibus
1108 3176 1197 3249 gesta
1219 3187 1280 3249 per-

241 3269 340 3349 plexis
362 3274 542 3331 coacervata
564 3268 650 3331 malis
673 3272 860 3346 exarserint,
883 3288 900 3331 a
924 3288 972 3331 me
1000 3276 1104 3331 tamen
1126 3271 1281 3349 speciatim,

242 3369 299 3429 etsi
327 3368 463 3431 breviter
488 3368 609 3449 singula
638 3367 841 3449 proferentur.
885 3368 1015 3446 Marius,
1050 3367 1135 3430 Sulla
1168 3368 1281 3431 consule

242 3474 274 3528 et
296 3474 401 3529 eontra
422 3466 624 3531 Mithridatem
647 3472 680 3531 in
709 3471 812 3531 Asiam
841 3488 911 3531 curn
939 3470 1080 3531 exercitu
1107 3468 1280 3547 proiectura,

242 3569 273 3631 in
297 3566 459 3647 Campania
480 3572 582 3628 tamen
604 3575 729 3648 propter
757 3569 879 3634 socialis
906 3569 981 3632 belli
1009 3569 1158 3649 reliquias
1186 3571 1280 3631 consi·

241 3674 352 3743 stente,
375 3666 539 3729 adfectavit
560 3670 722 3747 septimum
745 3668 936 3732 consulatum
959 3676 991 3733 et
1005 3669 1121 3730 bellum
1136 3671 1281 3749 suscipere

140 3844 147 3857 ‚
240 3766 493 3843 Mithridaticum,
517 3784 578 3845 quo
602 3767 686 3830 Sulla
708 3770 833 3848 cognito
856 3770 1017 3849 impatiens
1038 3762 1149 3831 revera
1168 3770 1281 3850 juvenis

242 3866 504 3945 intemperataque
531 3866 576 3926 ira
603 3866 754 3944 percitus,
780 3885 850 3929 cum
873 3876 1006 3947 quatuor
1026 3868 1210 3951 legionibus
1226 3870 1280 3949 pri·

242 3979 324 4025 mum
346 3971 416 4027 ante
439 3964 556 4029 Urbem
572 3965 727 4043 consedit,
755 3966 810 4029 ubi
837 3966 1007 4032 Gratidium
1034 3967 1123 4032 Marii
1148 3968 1280 4051 legatum,
