2634 4434
554 299 602 369 77

61 531 174 596 turbata
195 531 370 613 temperies,
392 530 452 595 boc
473 541 531 612 est,
553 541 607 596 aut
621 534 835 614 intempestiva
849 533 973 597 siccitas
985 535 1106 618 biennis,
1195 578 1202 596 .

58 639 109 695 aut
128 635 310 714 repentinus
330 632 415 696 calor
435 637 529 713 ueris,
552 641 605 698 aut
625 635 816 716 incongruus
837 633 948 696 bumor
974 640 1107 717 aestatis,

58 733 105 793 vel
126 734 266 795 autumni
288 734 390 795 divitis
413 735 565 816 indigesta
588 733 752 812 illecebra,
783 734 911 814 insuper
931 736 1023 798 etiarn
1046 755 1108 800 ex-

56 832 166 911 spirata
199 833 238 896 de
268 832 403 895 Calabris
429 835 557 898 saltibus
583 854 658 897 aura
686 852 901 914 corrumpens,
931 837 1109 915 repentinos

56 941 212 995 acutarum
234 932 441 996 infirmitatum
463 929 591 998 adferre
607 943 816 1010 transcursus;
839 935 894 998 scd
914 937 1017 1016 gravis
1033 937 1107 998 diu-

56 1039 208 1115 turnaque
230 1034 262 1095 in
290 1034 375 1096 nullo
404 1034 506 1114 dispar
533 1050 626 1112 sexu,
653 1034 685 1095 in
714 1033 797 1096 nulla
820 1042 920 1098 aetate
943 1036 1109 1117 dissimilis,

57 1134 199 1215 generali
227 1141 355 1197 cunctos
381 1152 438 1214 per
464 1135 625 1197 biennium
647 1135 766 1215 jugiter
795 1134 864 1196 tabe
897 1134 1044 1198 coniecit:
1077 1147 1112 1201 ut

54 1236 165 1312 etiam,
187 1250 266 1315 quos
289 1251 350 1296 uon
373 1234 439 1316 egit
464 1235 499 1296 in
526 1241 671 1313 mortem,
699 1233 780 1316 turpi
807 1235 906 1298 macie
937 1237 1112 1302 exinanitas

52 1333 258 1414 adflictosque
280 1335 437 1397 dimiserit.
472 1333 708 1416 conquerentur
728 1334 787 1396 boo
810 1333 855 1416 (ut
876 1335 1020 1418 arbitror)
1042 1337 1111 1401 loco

53 1434 280 1497 obtrectatores
301 1437 447 1515 temporis
470 1435 649 1513 Christiani,
678 1436 705 1498 si
734 1435 813 1498 forte
835 1437 959 1498 silentio
982 1446 1109 1516 praete-

52 1535 177 1610 rierim,
201 1534 312 1613 quibus
334 1542 408 1596 tunc
430 1537 606 1597 cerimoniis
623 1535 752 1596 Romani
774 1536 961 1615 placaverint
983 1537 1058 1602 deos
1081 1546 1113 1602 et

51 1633 238 1698 sedaverint
269 1633 400 1696 morbos.
457 1635 532 1696 Cum
565 1634 740 1713 pestilentia
772 1636 871 1697 indies
904 1637 1112 1714 crudesceret,
1171 1645 1176 1658 ³

51 1742 200 1797 auctores
221 1750 348 1797 suasere
369 1734 546 1814 pontifices,
573 1741 608 1794 ut
634 1733 700 1796 ludi
726 1733 843 1796 scenici
870 1733 929 1796 diis
957 1742 1111 1815 expeten-

52 1834 138 1898 tibus
162 1835 345 1899 ederentur:
376 1835 417 1896 ita
445 1852 500 1914 pro
529 1833 709 1913 depellenda
739 1834 897 1912 temporali
926 1841 1013 1915 peste
1035 1853 1110 1898 cor-

51 1952 165 2013 porum
200 1935 365 1999 arcessitus
393 1941 441 1996 est
467 1940 635 2015 perpetuus
662 1933 785 1995 morbus
807 1934 986 1998 animorum.
1030 1935 1114 2000 Uber

53 2052 140 2096 nunc
168 2034 292 2114 quidem
322 2034 395 2096 mibi
421 2036 480 2097 iste
508 2033 622 2095 doloris
648 2039 742 2112 atque
768 2033 987 2114 increpationis
1020 2032 1111 2110 [158]

52 2134 145 2197 locus
167 2141 225 2212 est,
247 2134 314 2214 sed,
335 2136 367 2196 in
389 2147 451 2215 quo
467 2133 532 2213 jam
546 2131 806 2194 Reuerentia'lua
828 2134 963 2196 studium
986 2135 1115 2214 sapien«

54 2236 118 2296 tiae
136 2240 170 2295 et
189 2235 328 2296 veritatis
349 2234 499 2313 exercuit,
522 2233 596 2296 mibi
617 2249 711 2313 super
733 2249 771 2294 eo
785 2233 902 2297 audere
917 2233 963 2296 las
978 2250 1040 2296 non
1056 2239 1112 2296 est.

55 2335 292 2399 commonuisse
319 2353 371 2398 me
396 2336 470 2396 satis
491 2334 546 2410 sit,
570 2340 602 2395 ct
622 2351 663 2396 ex
692 2332 829 2412 qualibet
856 2334 1029 2396 intentione
1059 2335 1112 2396 le-

55 2442 176 2498 ctorem
198 2436 236 2498 ad
257 2435 341 2498 illius
360 2434 504 2497 lectionis
524 2432 747 2512 planitudinem
769 2432 933 2493 retrusisse.

426 2717 636 2854 depul
688 2713 737 2822 l.

56 2957 193 3044 Inpem
219 2960 337 3022 terrm
363 2954 482 3022 hatur
508 2956 623 3021 medio
648 2951 782 3020 Romae
810 2913 987 3036 odpmmii,
1015 2973 1117 3040 quem

200 3057 353 3125 Mos-eur
371 3053 518 3124 Curuae
536 3056 737 3141 praecipitio
760 3055 817 3120 eoi
837 3054 972 3120 cambi.

148 3245 296 3327 Sequitur
316 3245 396 3309 banc
417 3245 559 3307 miseram
581 3243 675 3324 luem,
696 3241 953 3319 miserioremque
972 3239 1040 3319 ejus
1055 3259 1116 3306 cr·
1152 3297 1182 3327 ,J

55 3347 394 3429 piatiouemproximo
424 3362 507 3406 anno
531 3344 605 3406 salis
633 3342 720 3403 triste
752 3339 934 3421 prodigium,
977 3339 1121 3424 nepem·
1143 3334 1155 3420 ¹t

55 3449 216 3529 siquidem
231 3432 345 3510 medio
373 3445 463 3508 Urbis
491 3452 571 3506 terra
599 3441 749 3519 dissiluit,
775 3448 924 3521 vastoque
952 3451 1118 3524 praeruptu

54 3550 177 3612 hiantia
199 3548 303 3610 subito
330 3545 455 3610 inferna·
477 3550 649 3626 patuerunt.
693 3542 837 3606 Manebat
856 3542 909 3604 diu
931 3543 968 3604 ad
991 3551 1117 3624 specta-

55 3649 167 3712 culum
194 3655 411 3728 terroremque
436 3653 617 3710 cunctorum
645 3645 761 3725 patenti
788 3643 936 3724 uoragine
966 3641 1121 3721 inpudeee

56 3766 192 3830 specus,
225 3748 436 3828 nefariamque
462 3747 527 3810 uiui
555 3746 687 3807 bominis
715 3743 901 3825 sepulturam
929 3741 987 3802 diis
1012 3741 1117 3810 inter-

56 3850 203 3931 pretibus
225 3849 398 3929 expetebat.
432 3844 598 3911 ‘satisfecit
619 3845 765 3926 improbis
784 3840 923 3904 saucibus
939 3839 1119 3919 praecipitio

56 3951 114 4013 sui
135 3949 257 4012 Marcus
280 3950 419 4027 Curtius,
440 3964 538 4028 eques
561 3952 710 4020 armatus,
738 3941 906 4021 injecitque
932 3955 1008 3999 cru·
1032 3935 1118 4018 [tea]

949 4054 966 4102 e
