2634 4434
550 344 622 415 203

483 446 691 457 —-·—-—-=u——=

58 580 179 659 Quippe
209 598 278 641 oum
307 586 339 642 ct
365 578 538 660 philosophi
565 597 689 657 eorum,
723 585 757 639 ut
785 578 824 639 de
857 579 969 645 nostris
1000 582 1114 643 sanctis

56 680 183 758 sileam,
207 681 277 743 durn
305 682 423 743 intento
446 681 557 743 mentis
579 679 682 741 studio
704 685 857 759 quaerunt
877 686 1113 760 scrutanturque

60 781 175 858 omnia,
192 798 285 843 unum
302 782 399 843 Deum
416 788 572 844 auctorem
588 782 724 841 omnium
747 787 940 860 repererunt,
962 780 999 841 ad
1023 798 1114 859 quem

55 898 153 943 unum
178 883 278 943 omnia
307 881 513 957 referrentur;
542 882 625 943 undo
653 882 744 943 etiam
772 898 855 943 nuno
882 882 1009 962 pagani,
1036 897 1114 959 quos

52 981 115 1060 jam
140 982 293 1046 declarata
315 984 435 1043 veritas·
452 982 490 1043 de
513 983 704 1043 contumacia
727 984 823 1062 magis
846 1000 937 1061 qnam
960 982 998 1044 de
1019 983 1114 1062 igno-

54 1084 157 1145 rantia
184 1082 356 1159 convincit,
385 1101 454 1144 cum
477 1102 494 1143 a
517 1083 606 1144 nobis
626 1083 848 1158 discutiuntur,
870 1100 932 1146 non
955 1100 989 1145 se
1011 1081 1115 1161 plures

55 1184 141 1244 Deos
164 1183 265 1263 sequi,
287 1183 342 1243 scd
364 1182 421 1243 sub
437 1200 499 1244 uno
515 1183 581 1243 Deo
597 1199 707 1263 magno
723 1182 826 1261 plures
842 1183 996 1245 ministros
1011 1198 1114 1244 vene-

55 1284 116 1345 rari
140 1283 284 1346 latentur.
328 1282 433 1343 Restat
460 1284 555 1365 igitur
583 1284 621 1345 de
649 1284 854 1363 intelligentia
880 1284 948 1346 veri
976 1283 1034 1344 Dei
1061 1300 1116 1361 pcr

54 1384 169 1445 multas
192 1383 388 1464 intelligendi
410 1386 601 1465 suspiciones
624 1383 753 1446 confusa
781 1384 949 1461 dissensio,
977 1384 1050 1463 quia
1076 1384 1115 1445 dc

53 1500 119 1543 uno
152 1484 218 1543 Deo
247 1486 380 1545 omnium
409 1504 507 1568 paene
535 1502 596 1545 una
626 1486 730 1563 opinio
757 1490 812 1546 est
856 1483 1024 1563 Hucusque
1049 1483 1113 1547 hn-

52 1600 150 1665 mana
173 1584 318 1644 scrutatio
342 1585 399 1645 etsi
421 1604 490 1645 cum
513 1585 618 1645 labore
640 1586 756 1662 potnit3
785 1591 816 1645 at
842 1584 897 1645 ubi
921 1586 1115 1645 ratiocinatio

54 1681 186 1759 defecit,
207 1681 283 1743 fides
303 1682 455 1745 subvenit.
491 1682 557 1744 Nisi
573 1684 653 1743 enim
669 1683 901 1759 crediderimus,
917 1700 979 1744 non
995 1684 1114 1745 intelli-

56 1799 176 1863 gemur.
221 1781 270 1843 Ab
293 1783 359 1862 ipso
382 1784 502 1861 audine,
525 1784 646 1864 ipsique
669 1783 736 1843 Deo
757 1783 881 1860 credas,
904 1785 987 1862 quod
1008 1802 1116 1845 verum

56 1883 138 1945 velis
161 1884 241 1945 scire
265 1883 303 1945 dc
325 1884 400 1946 Deo.
443 1884 550 1965 ltaque
572 1885 653 1945 idem
677 1902 758 1945 unus
780 1891 812 1945 et
833 1902 926 1946 verus
954 1885 1053 1961 Deus,
1084 1885 1116 1945 in

59 2002 152 2063 quem
175 1983 284 2061 omniS,
307 1991 342 2045 ut
364 1985 506 2062 diximuS,
534 1986 592 2047 etsi
614 2004 653 2047 cx
674 1986 805 2047 diversis
820 1985 1017 2064 opinionibus
1031 1993 1115 2047 secta

59 2086 227 2161 concurrit,
245 2091 364 2146 motans
378 2103 474 2167 regna
490 2093 521 2147 et
536 2086 702 2165 disponens
718 2092 864 2165 tempora,
881 2094 1004 2165 peccata
1027 2082 1114 2167 [366]

60 2201 186 2265 quoquc
208 2186 350 2264 puniens,
373 2203 452 2263 quac
475 2186 594 2248 infirma
616 2193 689 2248 sunt
710 2187 827 2271 mundi,
850 2186 955 2266 elegit,
979 2193 1013 2246 nt
1033 2203 1114 2246 con-

58 2282 170 2347 fundat
191 2284 296 2359 fortia3
319 2284 552 2366 Romanumque
574 2287 735 2365 imperium
764 2287 903 2348 adsumto
931 2286 1116 2364 pauperrimi

59 2391 158 2447 status
191 2392 311 2465 pastore
345 2384 492 2447 fundavit.
539 2386 602 2446 lloc
631 2404 687 2463 per
713 2404 805 2466 reges
833 2393 864 2446 et
891 2384 1035 2447 consules
1063 2385 1116 2446 diu

58 2490 239 2563 provectum
262 2492 422 2564 postquam
445 2484 549 2559 Asiae,
572 2482 697 2544 Africae
717 2490 810 2563 atque
825 2484 966 2563 Europae
986 2486 1115 2562 potitum

61 2592 116 2663 cst,
140 2586 182 2647 ad
206 2602 299 2645 unum
317 2586 542 2663 imperatorem,
565 2583 774 2663 eumdemque
786 2581 984 2645 fortissimum
1000 2591 1031 2643 ct
1045 2583 1115 2645 cle-

62 2685 303 2762 mentissimum,
327 2691 436 2745 cuncta
459 2702 514 2746 sua
544 2683 737 2745 ordinatione
765 2684 928 2764 congessit.
973 2684 1035 2746 Sub
1059 2684 1116 2745 hoc

64 2785 260 2865 imperatore,
284 2802 374 2864 quem
398 2801 504 2846 omnes
527 2782 594 2845 fere
616 2791 727 2865 gentes
748 2801 851 2846 amore
867 2792 899 2845 ct
913 2784 1022 2846 timore
1039 2802 1114 2863 per-

62 2887 158 2947 mixto
173 2887 253 2967 juste
268 2884 465 2963 honorarent,
486 2885 570 2949 Deus
585 2903 688 2964 verns,
712 2884 766 2965 qui
787 2884 1004 2963 superstitione
1027 2885 1116 2947 solli-

62 2986 120 3046 cita
145 2986 182 3046 ab
206 2986 419 3066 ignorantibus
440 2986 608 3063 colebatur,
632 3004 775 3068 magnum
790 2985 876 3047 illum
892 2986 1116 3068 intelligentiae

62 3100 136 3147 suae
171 3084 285 3147 sontem
320 3086 439 3165 aperuit
466 3086 677 3165 propitiusque
705 3104 761 3165 pcr
787 3086 942 3165 hominem
969 3088 1116 3150 docturus

62 3181 202 3247 homines
225 3185 318 3247 hlium
342 3203 431 3247 suum
454 3186 536 3247 misit
558 3191 735 3265 operantem
758 3186 898 3262 virtutes,
920 3204 1001 3264 quac
1021 3204 1115 3265 prae-

54 3284 213 3365 cellerent
235 3286 400 3363 hominem,
424 3292 707 3367 coarguentemque
729 3284 904 3362 dacmonaS,
928 3302 1005 3364 quos
1020 3286 1116 3367 aliqui

65 3382 137 3446 deos
159 3386 365 3465 putavissent,
388 3392 423 3446 ut
445 3386 498 3466 qui
520 3387 578 3466 ipsi
602 3392 753 3463 tamquam
776 3384 892 3445 homini
920 3402 980 3447 non
1008 3390 1114 3451 credi-

67 3482 195 3562 dissent,
229 3485 372 3565 opcribus
405 3493 557 3565 tamquam
581 3484 639 3547 Dei
666 3486 845 3561 crederent3
882 3486 993 3549 deinde
1022 3497 1057 3551 ut
1084 3492 1116 3551 in

67 3600 173 3666 magno
210 3584 332 3647 silentio
372 3604 408 3647 ac
441 3604 515 3666 pace
548 3586 694 3649 latissima
726 3587 878 3650 inoffense
911 3596 942 3650 et
974 3589 1117 3659 celeriter

67 3687 135 3746 novi
158 3686 290 3747 nominis
311 3685 409 3767 gloria
433 3692 464 3747 et
485 3686 681 3749 adnuntiatae
703 3688 809 3750 salutis
830 3689 924 3749 velox
945 3686 1024 3747 lama
1040 3703 1115 3763 per-

68 3792 219 3862 curreret,
249 3785 299 3846 vel
328 3787 419 3847 ctiam
445 3794 479 3848 ut
502 3787 658 3867 discipulis
681 3790 749 3869 ejus
770 3804 826 3866 pcr
848 3787 985 3847 diversas
1006 3791 1116 3862 gentes

68 3884 224 3963 euntibus,
253 3886 395 3966 ultroque
423 3905 479 3966 per
508 3894 635 3949 cunctos
662 3886 769 3949 salutis
796 3886 875 3945 dona
903 3882 1115 3961 ollcrentibus,

69 3980 199 4047 obeundi
222 4004 258 4047 ao
281 3984 451 4049 disserendi
474 3987 586 4065 quippe
608 3985 752 4048 Romanis
778 3982 897 4043 civibus
924 3982 1005 4045 inter
1028 3986 1116 4075 cives
