2634 4434
605 323 813 436 ..2⁹2-

183 563 286 645 petius
306 562 469 640 eceloeiae,
490 575 582 642 quam
597 562 823 627 catholicorum
844 560 915 624 es‘nt
953 558 1101 641 Sequitur
1116 567 1244 630 terrae-

94 654 97 657 ’
184 671 284 730 motus
305 663 478 741 horribilis,
498 665 719 746 qniplurimas
742 663 877 727 Orientis
904 661 998 724 urlrss
1027 661 1093 724 solo
1121 664 1244 726 enavit.

184 765 401 828 commetiens
423 765 708 828 dumeoustantsm
731 764 855 829 fratrem
879 762 960 826 bello
982 762 1162 841 insectatur,
1186 765 1245 826 iu-

183 871 272 929 cauta
300 865 468 946 petulantia
497 865 644 946 periculis
671 883 742 928 sese
775 865 925 942 ollerens,
958 881 976 926 a
1009 863 1139 926 ducibus
1173 866 1245 946 ejus

184 963 272 1048 [ott]
293 967 417 1030 4444444
437 972 494 1028 est.
532 966 728 1028 Constantius
749 965 899 1028 adsersus
914 966 1020 1027 Persas
1035 967 1067 1029 et
1082 965 1245 1045 Saporem,

183 1069 238 1148 qui
257 1065 506 1148 liesopotamiam
526 1073 732 1143 uastauerant,
754 1083 865 1128 4444444
887 1063 1011 1146 praeliis
1032 1083 1138 1147 parum
1161 1081 1244 1146 pro-

183 1185 273 1249 spere
295 1168 473 1231 decertavit.
509 1168 694 1246 Novissime,
716 1168 869 1231 seditione
890 1173 984 1248 atque
1005 1167 1244 1247 intemperantia

183 1269 313 1333 militum
336 1275 427 1331 nocte
448 1269 561 1332 adoriri
583 1287 716 1352 pugnam
740 1276 874 1346 coactus,
896 1273 1041 1347 patratam
1064 1285 1164 1348 paene
1185 1267 1243 1330 vi-

183 1370 310 1433 ctoriam
332 1370 459 1450 insuper
480 1371 580 1434 vietus
601 1371 711 1440 amisit.
755 1369 825 1432 Post
846 1386 915 1432 oum
944 1385 979 1431 se
1007 1367 1156 1432 constans
1184 1369 1241 1430 iu-

183 1469 350 1532 tolerandis
375 1471 459 1532 vitiis
485 1471 637 1549 dedisset,
664 1489 701 1534 ao
727 1485 826 1550 poena
847 1469 1079 1549 provincialium
1102 1467 1243 1560 fauorem

99 1599 103 1610 ι
182 1569 312 1632 militum
335 1578 536 1658 compararet,
559 1570 727 1654 llagnentii
750 1571 827 1634 dolis
850 1570 882 1631 in
905 1569 1026 1650 oppido,
1049 1571 1100 1632 cui
1123 1569 1244 1632 lleleua

96 1684 100 1695 ‘
182 1689 295 1733 nomen
318 1677 375 1750 est,
398 1672 429 1733 in
453 1669 771 1756 proximollispaniae
790 1669 970 1734 interiectus
993 1676 1048 1734 est.
1084 1669 1242 1752 Magnen-

182 1773 243 1835 tius
259 1774 340 1835 smim
355 1771 435 1854 apud
446 1773 703 1855 Augustodunum
720 1771 848 1856 arripuit
862 1773 1034 1853 imperium,
1057 1771 1140 1852 quod
1157 1789 1242 1833 cou-

182 1876 270 1937 tinuo
295 1892 351 1954 per
377 1872 519 1953 Galliam,
546 1873 682 1938 Africam
708 1871 887 1954 Italiamque
913 1873 1060 1954 porrexit.
1103 1870 1137 1934 ln
1159 1871 1242 1954 llly-

181 1975 247 2038 ricc
268 1981 371 2038 sutem
393 1974 626 2053 Vetranionsn,
647 1980 749 2038 aetate
769 1974 995 2056 grandaevum,
1024 1975 1242 2054 imperatorem

181 2073 242 2136 silei
263 2074 376 2139 milites
397 2082 591 2153 creaverunt,
612 2077 713 2140 virum
729 2081 837 2139 natura
855 2074 1035 2157 simplicem,
1056 2076 1243 2156 cunctisque

181 2174 366 2256 jucundum,
396 2176 451 2240 ssd
478 2177 532 2257 qui
560 2194 601 2240 ne
628 2177 726 2257 prima
764 2177 889 2264 quidem
918 2194 1054 2258 unquam
1080 2176 1242 2240 literarum

182 2274 336 2340 elementa
357 2277 523 2341 didicisset
562 2278 670 2359 ltaque
692 2295 761 2341 oum
783 2279 896 2358 primas
918 2278 1035 2357 literas,
1056 2277 1242 2341 literarum-

182 2395 245 2458 que
265 2376 413 2456 syllabas,
436 2377 603 2458 imperator
623 2395 737 2456 senex,
763 2379 916 2442 interdum
944 2381 1074 2456 inaltus,
1102 2378 1241 2442 medita-

181 2484 283 2555 retur,
305 2495 323 2540 a
345 2477 540 2557 Constantio,
562 2480 617 2560 qui
638 2487 713 2542 tunc
735 2481 766 2542 in
788 2479 998 2563 Magnentium
1027 2479 1147 2570 ultione
1169 2478 1240 2544 lra-

182 2581 238 2643 tris
258 2594 409 2644 aseensus
440 2580 555 2642 bellum
584 2580 723 2662 parabat,
752 2581 907 2661 deponere
932 2581 1038 2662 jussus
1065 2581 1241 2661 imperium,

183 2676 275 2754 [544]
298 2680 447 2759 abjiciens
468 2700 537 2744 oum
559 2679 658 2743 literis
680 2683 838 2762 purpuras,
864 2687 1092 2762 contentusque
1113 2682 1241 2762 privatis

182 2779 270 2844 leriis
284 2780 428 2861 palatium
441 2782 533 2845 simul
548 2781 745 2862 schohmque
759 2781 883 2846 dimisit.
916 2781 1104 2862 Nepotianus
1126 2782 1241 2846 deinde

181 2880 307 2960 4444444,
329 2882 521 2948 Constantini
542 2882 770 2961 sororis-filius,
791 2883 993 2965 gladiatorum
1016 2901 1108 2948 manu
1130 2882 1240 2960 fretus,

182 2984 295 3046 invasit
316 2984 493 3062 imperium:
523 2984 579 3062 qni
605 2983 735 3061 deinde,
764 3002 833 3046 uum
861 2984 1017 3065 improbus
1044 3001 1082 3047 ao
1103 3001 1161 3065 per
1181 2983 1242 3048 hoe

182 3082 301 3146 invisam
322 3082 442 3145 cunetis
464 3090 557 3161 esset,
579 3103 596 3147 a
614 3083 838 3167 unguentiaria
858 3085 989 3150 ducibus
1004 3101 1169 3167 oppressus
1183 3092 1241 3148 est

182 3182 332 3266 Sequitur
352 3183 467 3248 bellum
489 3184 567 3248 illud
586 3184 735 3248 homlbile
755 3186 839 3249 iuter
857 3185 1068 3267 Constantium
1083 3185 1240 3269 Magnen-

182 3285 322 3365 tiuruqua
342 3285 424 3366 apud
445 3284 577 3348 44444444
599 3285 707 3349 urbem
734 3293 873 3367 gestam,
901 3287 933 3348 44
961 3305 1023 3366 quo
1050 3287 1145 3351 multa
1171 3286 1240 3351 llo·

182 3403 340 3450 manarum
375 3386 487 3450 4444444
523 3385 695 3469 profligatio
727 3386 818 3450 etiam
857 3387 889 3448 in
927 3395 1083 3468 posterum
1122 3388 1240 3451 nocuit.

181 3485 377 3569 Magnentius
398 3494 501 3550 4444444
522 3488 623 3551 rictus
644 3485 780 3570 aufugit,
807 3506 845 3550 ao
865 3504 929 3550 uon
951 3488 1048 3552 multo
1069 3496 1138 3570 post
1159 3490 1241 3569 apud

182 3586 365 3668 Lugdunum
388 3589 508 3668 propria
530 3605 565 3650 se
587 3607 680 3651 manu
702 3588 866 3650 intersedit.
911 3589 1079 3653 Decentiua
1102 3607 1240 3670 quoque,

182 3687 278 3752 irater
305 3689 459 3771 ejusdem,
493 3707 586 3770 quem
615 3689 777 3750 Gaesarem
805 3687 898 3750 Gallis
926 3689 1131 3770 praefecerat,
1160 3690 1240 3771 apud

183 3788 323 3852 Seuorms
337 3790 449 3870 laqueo
470 3790 562 3850 vitam
584 3788 689 3850 finiuit
728 3788 880 3850 Continuo
897 3791 1093 3854 Constantius
1108 3789 1239 3868 Gallum,

183 3890 283 3967 patrui
310 3888 422 3973 lilium,
451 3889 611 3951 caesarem
639 3889 730 3969 legit:
760 3907 851 3968 quem
879 3907 987 3953 rursus
1012 3892 1183 3954 crudeliter
1205 3911 1239 3955 ac

183 3988 343 4060 anauniae
357 3995 513 4069 agentem,
534 3988 625 4066 paulo
639 3995 799 4071 postquam
816 3999 986 4068 creaverat,
1002 3993 1125 4056 4444444.
1164 3994 1238 4074 Spl-
