2634 4434
547 341 618 412 tte

60 591 162 638 mrsus
176 574 355 658 lrigmentis
370 576 610 658 impedientibus
624 577 809 657 superducis
824 577 995 642 submersit
1018 580 1110 647 Pauci

59 677 201 738 exomni
222 676 335 757 populo
355 695 411 758 per
432 685 595 757 utramque
616 679 712 759 ripam
735 680 788 740 vix
815 677 947 742 concisis
973 679 1108 744 visceri·

58 775 113 838 bos
140 784 315 840 evaserunt.
359 778 388 841 P.
416 778 536 841 Licinio
563 779 674 842 Crasso
702 785 734 840 et
767 778 797 840 c.
833 779 937 842 Cassio
968 777 1110 860 Longino

58 877 233 939 oonsulibus
259 877 490 941 Moedomcum
523 877 637 941 bellum
666 886 786 960 gestum
815 886 863 942 est
889 880 999 942 merito
1028 879 1111 946 inter

57 979 186 1040 maxima
219 977 299 1040 bellu
331 977 540 1040 referendum.
584 978 659 1040 Nam
691 981 722 1041 in
756 979 872 1042 auxilio
903 977 1110 1044 Romanorum

55 1083 117 1138 iota
131 1078 261 1159 primum
278 1077 374 1156 ltnlia‚
397 1079 510 1140 deinde
525 1079 717 1142 Ptolemaeus
738 1097 795 1140 rex
810 1079 944 1159 Aegypti
966 1087 998 1144 et
1012 1080 1110 1144 Aria-

55 1177 157 1241 rathes
186 1178 413 1264 cappadociae,
440 1177 595 1240 Eumenes
624 1178 718 1242 Asiae
740 1184 772 1240 et
793 1177 974 1242 Massinissa
996 1181 1109 1247 Numi-

55 1277 123 1340 diae
145 1277 279 1341 lueruut.
323 1279 467 1341 Perseum
490 1287 522 1340 et
542 1277 726 1342 blaoedonas
752 1278 853 1342 secuti
879 1287 951 1342 sunt
978 1281 1111 1350 Thraces

54 1397 123 1441 curn
146 1397 223 1462 rege
245 1377 343 1460 Cotye
364 1386 397 1441 et
418 1379 556 1443 universi
578 1399 648 1442 oum
670 1399 746 1462 rege
770 1378 881 1442 Gentio
903 1379 1008 1462 Illyrii.
1042 1383 1109 1450 Ita-

53 1497 116 1560 que
139 1479 318 1542 advenienti
333 1480 441 1542 Crasso
463 1481 583 1544 consuli
600 1482 731 1542 Perseus
754 1481 901 1544 occurrit:
924 1486 1109 1550 commisso·-

53 1598 116 1662 que
145 1574 272 1658 praelio'
289 1580 505 1642 miserabiliter
531 1583 606 1642 victl
636 1580 745 1660 lugere
771 1579 908 1642 liomani.
959 1583 1111 1663 Sequenti

53 1697 158 1761 pugna
183 1696 281 1758 paene
310 1679 376 1759 pari
404 1679 490 1741 clade
517 1681 612 1759 pertis
638 1679 800 1757 utriusque
826 1681 859 1741 in
885 1678 1014 1744 hiberna
1041 1685 1109 1746 dis·-

54 1797 176 1842 cessum
197 1786 252 1841 est.
285 1780 406 1842 Deinde
420 1780 551 1842 Perseus
566 1779 726 1860 profligato
743 1779 845 1841 multis
866 1779 990 1859 praeliis
1013 1800 1111 1848 ener-

55 1882 117 1942 eitu
139 1879 276 1942 Romano
298 1882 330 1942 in
352 1879 508 1962 Illyricum
530 1888 755 1961 transgressus,
779 1878 944 1942 Sulcenum
967 1883 1111 1962 oppidum

56 1979 218 2043 defensum
241 1998 258 2042 u
280 1981 442 2060 praesidiis
463 1980 607 2042 Romanis
628 1979 793 2060 pugnando
815 1981 912 2060 cepit:
941 1981 994 2045 ubi
1018 1981 1110 2064 [276]

56 2099 195 2163 magnum
210 2080 414 2143 Romanorum
429 2080 650 2162 praesidiorum
671 2079 896 2143 multitudinem
919 2085 1026 2162 partim
1050 2103 1109 2148 oc-

56 2182 139 2260 cidit,
162 2182 271 2262 partim
292 2181 351 2244 sub
372 2199 486 2244 corona
506 2181 663 2244 vendidit:
689 2181 796 2260 partim
819 2197 924 2243 secum
948 2183 979 2243 in
1002 2182 1111 2247 blace-

55 2281 178 2344 doniam
206 2281 302 2344 duxit.
346 2283 454 2346 Postea
475 2299 545 2344 eum
568 2299 607 2342 eo
628 2279 662 2342 L.
686 2280 837 2342 Aemilius
858 2281 981 2344 Paullus
1003 2285 1112 2348 consul

55 2383 214 2445 dimicavit
234 2389 266 2444 et
288 2383 371 2444 vicit.
408 2383 483 2445 Nam
505 2383 616 2462 viginti
639 2381 732 2443 millia
754 2381 889 2460 pediturn
913 2382 944 2442 iu
968 2401 1006 2444 eo
1030 2384 1112 2446 bello

55 2481 221 2546 interfecit.
265 2481 332 2545 liex
364 2501 435 2546 eum
469 2484 607 2561 equitatu
639 2479 843 2559 subterfugit,
876 2481 932 2540 sed
964 2484 1114 2546 continuo

56 2592 162 2665 captus
191 2590 284 2665 atque
317 2584 350 2645 in
382 2581 536 2662 triumpho
568 2599 638 2642 cum
671 2579 741 2642 liliis
774 2586 845 2641 ante
872 2597 997 2642 currum
1026 2589 1112 2646 actus

57 2693 121 2763 est,
153 2690 185 2746 et
213 2691 282 2764 post
307 2684 389 2764 apud
415 2683 524 2746 Albam
547 2683 579 2744 in
601 2681 740 2744 custodia
762 2677 885 2744 delerit.
928 2680 1022 2744 Filius
1044 2684 1113 2762 ejus

53 2787 161 2866 junior
189 2784 334 2847 lubricam
361 2786 510 2848 aerariam
537 2784 576 2845 ob
610 2782 798 2847 tolerandam
832 2781 966 2862 inopiam
998 2781 1113 2844 Romae

57 2885 165 2947 didicit
197 2885 304 2967 ibique
330 2892 509 2949 consumtus
536 2892 590 2948 est.
635 2883 767 2946 Plurima
794 2888 954 2964 praeterea
982 2883 1113 2946 et'satis

58 2986 189 3049 diversis
213 2986 415 3068 proventibus
436 2986 518 3049 bella
540 2986 703 3049 multarum
726 2985 843 3066 ubique
864 2987 1004 3064 gentium
1026 2992 1115 3068 gesta

58 3095 144 3166 sunt,
169 3105 249 3168 quae
272 3088 430 3151 brevitatis
451 3104 544 3148 causa
565 3085 768 3166 praetermisi.

393 3270 592 3406 baput
653 3263 784 3373 xxi

59 3447 256 3535 Scipionem
270 3445 475 3534 Africanum
489 3445 698 3528 Hispaniam
719 3445 895 3508 certasse:
917 3435 1116 3532 Scipionem

59 3551 227 3620 Noricum
255 3551 379 3618 ibeotri
405 3548 678 3633 aedificationem
707 3543 935 3612 dissensisse.-
971 3545 1116 3616 Galbam

217 3673 342 3736 porum
363 3653 508 3721 noneste
530 3650 714 3717 Ltasitont'r
742 3648 960 3732 imposuisse.

145 3793 249 3858 Anno
264 3793 303 3856 db
333 3794 415 3857 Urbe
444 3793 566 3857 condita
593 3791 655 3854 bc,
681 3791 713 3854 1..
735 3789 855 3851 Lieinio
876 3785 1004 3847 Lucullo
1026 3790 1059 3846 et
1081 3784 1117 3848 A.

62 3894 216 3957 Postumio
239 3894 354 3956 Albino
375 3893 570 3971 consulibus,
599 3910 669 3954 cum
698 3905 805 3952 omnes
832 3886 984 3947 Ronrenos
1007 3884 1118 3968 ingens

63 3993 288 4060 cetttberomm
316 4003 415 4060 metus
442 3994 606 4058 invasisset
633 3997 666 4052 et
694 4009 734 4052 ex
767 3983 908 4048 omnibus
940 4001 1003 4048 non
1036 3993 1119 4049 esset

908 4097 964 4151 to*
