2634 4434
626 319 889 438 Ἆῤ,

200 594 290 680 toas]
524 561 711 700 topot
764 557 933 665 nrt-tt.

265 737 434 818 Claudius
459 747 621 832 Tacitus,
641 749 780 815 Annius
801 747 1008 828 Florianus,
1031 745 1203 816 Aurelius

335 849 492 916 Valerius
513 848 668 928 Probus,
697 853 730 914 el
755 849 806 914 M.
830 850 995 916 Aurelius
1017 847 1135 916 Corus

602 949 850 1034 Imperatores.

289 1091 380 1160 Anno
402 1089 440 1150 ab
463 1088 544 1151 Urbe
575 1089 697 1152 condita
724 1088 873 1155 ΜΧΧΧΙΙ.
918 1090 1054 1165 TaoituS,
1083 1091 1261 1174 trigesimus

203 1186 526 1275 alleptustmpe'rium,
549 1197 637 1251 sexto
658 1209 766 1253 mense
789 1191 909 1256 occisus
931 1192 963 1256 in
978 1183 1073 1250 Ponto
1097 1199 1155 1251 est.
1196 1192 1261 1254 Post

204 1311 296 1374 quem
317 1291 476 1352 Florianus
497 1308 599 1370 parem
623 1293 712 1372 regni
734 1300 847 1353 sortem
871 1291 992 1366 ferens,
1022 1291 1114 1351 tertio
1139 1293 1260 1354 demum

201 1408 310 1460 menso
331 1391 411 1470 apud
438 1391 564 1454 Tarsum
592 1392 772 1454 interiectus
799 1399 855 1456 est.
899 1392 989 1452 Anno
1013 1390 1050 1451 ab
1074 1391 1158 1452 Urbe
1182 1410 1257 1453 con-

110 1484 117 1497 ‘
202 1494 265 1559 lita
292 1490 456 1552 uxxxtu.
500 1491 615 1552 Probus
646 1493 937 1573 trigesimusprimus
963 1498 1092 1572 regnum
1115 1495 1259 1567 sortus,

201 1592 446 1658 ottomanus
467 1609 524 1653 sex
546 1599 578 1653 et
599 1593 757 1655 merrsibus
774 1601 918 1674 ¹quatuor.
958 1591 1068 1653 Gallias
1079 1593 1259 1673 jamdudum

204 1691 383 1756 abarbaris
407 1699 573 1771 oooupatas
599 1713 656 1773 per
683 1694 775 1780 nrulta
804 1700 836 1754 et
857 1693 963 1773 gravia
991 1691 1121 1770 praelio,
1150 1693 1259 1755 deletis

203 1793 326 1858 uatem
359 1791 514 1869 hostibus,
550 1794 587 1855 ud
620 1793 789 1873 perfeetum
823 1793 972 1854 liberavit.
1030 1791 1115 1853 Balla
1148 1793 1259 1855 deinde

204 1893 307 1956 civilia
327 1899 361 1954 et
384 1893 509 1970 quidem
537 1894 667 1971 plurimo
694 1895 845 1974 sanguino
872 1894 934 1953 duo
960 1892 1072 1974 gessit:
1101 1911 1200 1955 unum
1230 1897 1259 1956 in

204 1992 348 2066 Oriente,
371 1998 434 2070 quo
450 1991 664 2074 Saturninum,
687 1993 847 2074 tyrannide
869 1993 1033 2054 subnixum
1056 1995 1209 2072 oppressit
1231 2004 1261 2056 et

204 2093 302 2171 oepit,
324 2090 423 2174 aliud,
442 2104 507 2170 quo
529 2092 690 2153 Proculum
718 2101 749 2154 et
776 2088 928 2154 Ron'osum
957 2093 1037 2172 apud
1058 2093 1259 2173 Agrippinam

204 2193 322 2274 magnis
343 2190 467 2269 praeliis
488 2199 647 2270 superatos
670 2185 833 2255 interfecit.
870 2193 938 2273 lpse
961 2200 1061 2254 autem
1085 2195 1165 2272 apud
1189 2196 1259 2257 Sir-

205 2295 298 2354 mium
314 2292 346 2352 iu
360 2297 445 2350 turre
463 2290 574 2352 serrata
594 2295 715 2354 militari
733 2293 864 2354 tumultu
882 2291 1062 2371 interiectus
1075 2301 1133 2354 est.
1168 2296 1258 2356 Anno

203 2391 242 2454 ab
265 2390 346 2451 Urbe
369 2390 490 2450 condita
511 2388 675 2455 uxxtttx.
700 2393 793 2454 Carus
824 2393 1031 2453 Narbonensis
1058 2395 1255 2473 trigesimus-

204 2491 358 2554 seoundus
379 2491 713 2569 suscepitintperium,
741 2512 777 2554 ao
806 2492 931 2554 biennio
953 2493 1060 2554 tenuit.
1105 2495 1166 2566 Qut
1187 2513 1257 2554 oum

203 2591 282 2652 lilios
308 2608 381 2652 snos
415 2590 557 2651 Carinum
586 2598 618 2652 et
644 2591 862 2654 Numerianum
891 2601 1049 2654 ooosortes
1081 2596 1172 2674 regni
1205 2593 1256 2654 le-

201 2692 308 2767 nisset,
330 2690 411 2751 bello
427 2690 575 2768 Parthico,
598 2699 755 2770 postquam
773 2693 846 2752 duas
863 2691 1067 2754 nobilissimos
1081 2694 1256 2755 Parthorum

204 2785 295 2864 [524]
319 2790 411 2851 urbes
434 2789 565 2850 Goohem
593 2798 625 2851 et
652 2791 879 2872 Ctesiphontem
907 2794 998 2871 oepit,
1030 2809 1123 2873 super
1137 2795 1256 2874 Tigri-

202 2890 272 2951 dem
296 2891 328 2951 in
350 2890 464 2978 castris¹
479 2890 607 2950 fulmine
629 2892 708 2952 iotus
731 2893 855 2952 interiit.
888 2891 1101 2969 Numerianus,
1118 2894 1171 2973 qui
1188 2911 1257 2953 onm

203 2996 289 3066 patro
311 2988 431 3078 fuerat,
444 2988 567 3048 rediens
590 2987 697 3050 frande
713 2989 787 3069 Apri
810 2991 978 3053 socerisui
1000 2993 1182 3055 interiectus
1204 3001 1258 3054 est.

78 3397 82 3402 Δ
204 3270 293 3349 [525]
514 3156 961 3378 tapotXXV.

223 3422 262 3490 U.
284 3423 450 3526 Aurelius
477 3426 637 3497 Valerius
663 3425 902 3497 Diocletianus
926 3432 1097 3516 ¹quomodo
1123 3433 1238 3514 impo-

285 3527 385 3606 rooit,
407 3531 443 3598 ‚et
463 3529 544 3612 quid
564 3530 629 3594 eut
652 3549 692 3596 eo
712 3549 843 3616 perque
865 3550 949 3601 eum
961 3535 1100 3618 perluor
1116 3533 1172 3598 sit.

346 3624 540 3696 tomorum
562 3628 751 3713 imperium
776 3635 888 3715 primo
913 3634 1109 3699 dierectum.

284 3765 376 3826 Anno
397 3767 436 3828 ab
459 3766 540 3830 Urbe
563 3770 684 3833 condita
707 3768 811 3833 uxtt.
835 3771 1059 3848 Diocletianus,
1088 3773 1199 3834 tentius
1229 3779 1261 3832 et

202 3862 376 3944 trigesimus
408 3866 447 3929 ab
481 3868 620 3927 exernitu
652 3866 820 3946 Imperator
852 3871 986 3949 oleatus,
1023 3871 1112 3936 annis
1132 3871 1260 3952 ¹viginti

201 3959 341 4034 praefuit.
383 3962 572 4042 Statimque,
600 3973 634 4027 ut
661 3970 819 4046 potestatis
842 3971 958 4048 cop-iam
981 3971 1105 4048 habuit,
1129 3969 1260 4050 Aprum,
