2634 4434
680 337 770 408 276¹

611 441 819 451 ---—-—---

191 623 276 709 [roa]
546 589 744 729 depol
797 586 889 725 lll.

211 811 264 877 M.
285 808 483 878 Antoninus
511 809 624 877 Verum
651 813 734 896 quid
759 811 795 876 r'ra
817 810 959 894 imperio
981 827 1047 874 eoo
1067 811 1226 893 pasceret.

275 982 366 1045 Anno
393 983 431 1044 ab
458 982 540 1045 Urbe
569 983 692 1044 condita
719 980 895 1045 DCCCCXl.
923 979 1042 1043 ldarcus
1070 980 1245 1044 Antoninus

190 1084 305 1162 Verus,
335 1086 599 1164 quartusdecimus
626 1083 664 1145 ab
693 1082 850 1164 Augusto,
872 1100 1001 1167 regnum
1026 1100 1095 1144 eum
1119 1083 1246 1145 Aurelio

82 1171 86 1176 ⁴
192 1185 357 1246 Commodo
380 1184 473 1246 fratre
495 1186 640 1264 suscepit,
665 1188 836 1264 mansitque
859 1184 890 1245 in
915 1199 952 1246 eo
975 1184 1062 1245 annis
1085 1183 1195 1246 decem
1218 1191 1246 1245 et
1297 1251 1305 1264 y

191 1303 313 1347 nouem.
341 1286 378 1348 Hi
394 1287 481 1366 primi
497 1286 715 1365 rempublicam
732 1303 832 1364 aequo
843 1285 915 1365 jure
931 1285 1018 1345 tutati
1034 1291 1116 1362 sunt,
1134 1285 1245 1347 bellum

191 1387 305 1448 deinde
321 1394 426 1449 contra
441 1387 565 1448 Parthos
581 1385 752 1448 admirabili
774 1387 887 1448 virtute
911 1391 942 1446 ct
964 1383 1111 1446 felicitate
1134 1403 1244 1467 gesse-

163 1494 271 1549 .runt.
308 1486 421 1551 Lucius
444 1488 619 1548 Antoninus
641 1486 741 1548 Verus
764 1488 800 1548 ad
824 1486 854 1548 id
876 1484 990 1547 bellum
1014 1484 1171 1563 proiectus
1194 1493 1244 1549 est.

191 1588 382 1669 Vologaesus
405 1589 502 1666 enim,
524 1607 581 1649 rex
603 1588 796 1666 Parthorum,
824 1589 911 1670 graui
940 1586 1101 1665 eruptione
1131 1587 1244 1649 Arme-

192 1691 291 1766 niam,
320 1688 538 1769 Cappadociam
565 1689 755 1770 Lyciamque
781 1675 925 1750 uastabat.
972 1687 1032 1750 Sed
1060 1687 1244 1766 Antoninus,

192 1809 248 1872 per
277 1791 504 1853 strenuissimos
533 1791 628 1853 duces
656 1791 775 1871 magnis
801 1790 895 1852 rebus
922 1789 1033 1870 gestis,
1064 1788 1245 1872 Seleuciam,

192 1893 339 1972 Assyriae
361 1891 468 1952 urbem
490 1910 583 1972 super
604 1891 767 1974 Hydaspen
789 1890 915 1953 fluvium
939 1892 1042 1967 sitam,
1071 1908 1141 1951 cum
1166 1908 1244 1972 qua-

193 1994 364 2073 dringentis
380 1993 513 2055 millibus
529 1994 685 2054 hominum
705 1994 796 2072 oepit,
820 1999 941 2054 etcum
965 1990 1058 2054 lratre
1081 1991 1119 2054 de
1142 1993 1245 2054 vieto-

193 2095 238 2155 ria
265 2093 402 2155 Parthica
430 2093 639 2174 triumphavit:
671 2111 706 2154 ac
733 2110 795 2155 non
829 2092 924 2154 multo
957 2099 1040 2173 post,
1074 2093 1143 2154 dum
1179 2109 1247 2153 curn

194 2193 288 2255 lratre
316 2197 346 2256 in
375 2195 518 2257 vehiculo
545 2195 648 2272 sedet,
679 2211 752 2258 casu
784 2192 898 2272 morbi,
932 2211 1023 2274 quem
1057 2192 1246 2274 apoplexiam

195 2292 304 2357 (haeai
337 2303 463 2373 uocant,
497 2296 663 2357 sullocatus
697 2296 821 2358 interiit.
866 2294 910 2357 Eo
938 2293 1099 2371 defuncto,
1128 2293 1248 2355 Marcus

194 2394 369 2456 Antoninus
391 2396 474 2457 solus
496 2396 685 2475 reipublicae
708 2381 849 2477 praefuit,
872 2397 927 2459 sed
947 2397 977 2458 in
994 2396 1102 2457 diebus
1118 2393 1248 2456 Partluioi

194 2494 268 2557 belli
290 2497 521 2576 persecutiones
538 2496 788 2576 Christianorum,
812 2503 918 2578 quarta
934 2499 996 2580 jam
1012 2503 1080 2579 post
1095 2495 1248 2558 Neronem

194 2597 274 2674 vice,
298 2598 329 2658 in
344 2598 417 2659 Asia
434 2605 464 2659 et
479 2601 510 2659 in
527 2595 622 2659 Gallia
644 2616 755 2680 graves
777 2606 940 2679 praecepto
964 2601 1030 2681 ejus'
1053 2598 1248 2673 exstiterunt,

195 2697 345 2776 multique
367 2707 540 2760 sanctorum
564 2701 708 2780 martyrio
725 2700 861 2761 coronati
876 2707 956 2762 sunt.
992 2699 1102 2762 Secuta
1120 2704 1166 2760 est
1180 2696 1247 2757 lues

195 2793 284 2881 [493]
301 2799 437 2879 plurimis
454 2799 553 2862 inlusa
569 2801 752 2880 provinciis:
770 2807 926 2880 totamque
942 2798 1057 2861 ltaliam
1073 2797 1248 2879 pestilentia

194 2906 277 2961 tanta
299 2901 438 2977 vastavit,
462 2908 496 2962 ut
518 2903 627 2980 passim
650 2900 752 2978 villae,
775 2902 840 2981 agri
858 2908 951 2981 atque
967 2901 1075 2981 oppida
1092 2901 1159 2962 sine
1174 2897 1248 2959 cul-

194 3007 261 3062 tore
287 3006 380 3078 atque
400 2997 568 3062 habitatore
590 3000 711 3063 deserta
734 3003 765 3063 in
787 3002 891 3063 ruinas
907 3002 1061 3080 silvasque
1077 3015 1248 3061 concesse-

194 3103 264 3163 rint.
296 3099 472 3162 Exercitum
495 3119 570 3163 vero
592 3101 796 3164 Romanorum
820 3110 1008 3183 cunctasque
1031 3102 1171 3182 legiones
1194 3117 1251 3179 per

194 3203 363 3284 longinqua
384 3201 446 3264 late
468 3202 597 3265 hiberna
620 3205 780 3283 dispositas
803 3206 844 3266 ita
867 3210 1040 3266 consumtus
1068 3201 1187 3278 ferunt,
1217 3207 1252 3262 ut

194 3303 472 3364 Marcomannicum
500 3304 630 3382 bellum,
662 3304 744 3384 quod
766 3306 912 3366 continuo
937 3310 1077 3366 exortum
1100 3309 1163 3379 est,
1187 3317 1250 3362 non

195 3405 253 3464 nisi
277 3421 357 3465 novo
380 3404 502 3465 delectu
525 3405 666 3483 militum,
689 3423 780 3486 quem
796 3405 929 3467 triennio
941 3403 1058 3486 jugiter
1073 3402 1153 3483 apud
1170 3399 1250 3463 Car-

195 3500 280 3587 [494]
304 3504 432 3564 iruntnm
455 3502 574 3567 Marcus
594 3504 769 3569 Antoninus
792 3507 907 3584 habuit,
930 3512 1050 3587 gestum
1074 3504 1171 3566 luisse
1192 3519 1252 3562 re-

194 3605 318 3667 feratur.
356 3604 420 3665 Hoc
441 3605 564 3684 quidem
586 3607 699 3669 bellurn
723 3607 914 3687 providentia
929 3608 987 3669 Dei
1007 3605 1254 3668 administmtum

195 3723 275 3781 esse,
298 3723 366 3766 cum
389 3706 527 3785 plurimis
546 3710 746 3789 argumentis,
770 3715 832 3770 tum
848 3709 1019 3788 praecipue*
1029 3705 1158 3786 epistola
1173 3721 1253 3786 gra-

194 3805 311 3866 uissimi
336 3824 373 3867 ac
395 3807 610 3868 modestissimi
631 3808 825 3888 imperatoris
847 3809 1039 3888 apertissime
1062 3806 1255 3869 declaratum

195 3910 252 3966 est.
288 3904 362 3965 nam
384 3923 453 3967 eum
480 3907 720 3970 insurrexissent
741 3915 850 3990 gentes
873 3910 1062 3971 immanitate
1090 3906 1256 3988 barbarae,
1314 3989 1315 3992 Ἴ

197 4002 391 4065 multitudine
412 4005 669 4086 innumerabiles,
699 4006 758 4073 hoc
785 4016 845 4072 est:
881 4008 1105 4086 Marcomanni,
1140 4007 1256 4082 Quadi,
1314 3995 1315 4027 ¹
