2634 4434
446 1468 680 1554 mun
720 1466 981 1556 onosll

385 1649 757 1724 onusarnnnr
790 1651 1035 1722 nisenus

228 1766 1166 1955 ‘Hrsuournuulu

470 2085 634 2159 mana
678 2037 952 2160 suasinus.

607 2301 818 2312 *anau-aa·-

560 2434 768 2574 doput
822 2435 851 2544 l.
965 2557 971 2568 ‚

206 2639 320 2706 Unum
352 2640 463 2706 solum
491 2657 679 2726 uerumque
705 2639 838 2727 Deum,
859 2642 978 2710 mundi
1000 2644 1221 2728 omniumque

202 2743 423 2821 conatorem,
444 2745 549 2826 ntpaae
569 2743 658 2810 odeo
678 2745 868 2829 potentiam
889 2763 991 2810 suum
1012 2763 1054 2810 ao
1074 2745 1219 2827 potien-

286 2845 368 2910 tinm
387 2861 452 2927 per
472 2862 592 2923 mum,
611 2845 679 2912 Ioue
700 2847 755 2912 eat
771 2842 957 2926 Christum,
978 2846 1133 2911 uetuisse

484 2943 679 3011 homnibus
705 2947 932 3013 innotescere.
1041 2937 1046 2946 ’

246 3083 456 3195 [solidanda
478 3106 514 3162 ut
532 3099 666 3164 arbitror
680 3101 864 3174 documenta
880 3103 1008 3166 collecta
1023 3108 1104 3178 suut,
1122 3101 1243 3182 quibus

179 3200 264 3288 [450]
300 3202 419 3283 absque
451 3202 515 3264 ullo
547 3219 675 3280 arcano,
709 3203 791 3284 quod
817 3221 983 3286 paucorum
1011 3201 1148 3266 fidelium
1177 3209 1241 3281 est,

177 3306 300 3387 probari
321 3303 362 3366 de
383 3303 485 3367 modio
506 3310 609 3385 queat,
625 3321 721 3366 unum
737 3305 822 3366 illum
838 3313 870 3367 et
884 3323 991 3366 verum
1007 3304 1117 3390 Deum,
1141 3321 1239 3383 quem

178 3407 348 3468 Christiana
370 3403 447 3467 lidos
468 3404 623 3485 praedicat
638 3411 670 3466 et
685 3405 859 3468 condidisse
875 3404 1021 3466 mundum
1038 3411 1239 3466 ereaturam-

176 3503 263 3592 [451]
287 3523 349 3585 quo
368 3505 446 3584 qus,
469 3524 538 3567 eum
560 3505 671 3584 voluit,
694 3512 726 3568 et
748 3505 936 3588 disposuisse
957 3523 1013 3586 per
1034 3504 1140 3581 multa,
1162 3521 1240 3566 oum

175 3626 231 3691 per
253 3607 347 3669 multa
369 3606 563 3686 ignoraretur
585 3612 618 3665 et
647 3605 843 3669 confirmasse
871 3606 909 3671 ad
937 3623 1049 3682 uuum,
1079 3622 1148 3666 eum
1179 3622 1242 3684 per

174 3710 300 3775 unicum
328 3706 499 3768 declaratus
528 3711 591 3782 ast,
618 3705 773 3784 simulque
800 3706 967 3786 potentiam
990 3705 1239 3786 patientiamque

174 3811 242 3889 ejus
272 3806 457 3869 inultimodis
478 3804 668 3886 argumentis
691 3803 835 3867 eluxisse.
879 3803 913 3866 ln
937 3822 998 3885 quo
1022 3804 1146 3886 quidem
1170 3821 1238 3865 an-

172 3913 279 3988 gustas
301 3906 498 3985 dejectasque
521 3910 640 3965 mentes
661 3903 776 3966 offendi
796 3903 950 3985 paulisper
972 3905 1123 3985 intelligo,
1148 3905 1240 3984 quod,

173 4009 276 4065 tantae
303 4005 459 4082 potentiae
485 4004 632 4084 patientia
654 4009 737 4066 tanta
760 4004 912 4068 miscetur.
959 4005 991 4069 Si
1015 4005 1097 4068 eninr
1120 4011 1239 4084 potens
