2634 4434
707 303 776 372 132

636 404 844 416 ,.----

215 543 272 603 ista
294 541 386 603 unius
408 541 481 602 anni
508 538 559 601 vel
581 539 678 620 magis
701 536 808 598 umbra
830 535 913 616 pacis
940 534 1142 596 lenimentum
1168 537 1250 598 mise-

103 673 107 679 .
213 643 337 718 riumm,
360 658 398 702 an
420 640 609 702 incentivum
632 638 779 700 malorum
803 633 881 699 suut
904 634 1092 698 stillicidium
1115 635 1188 697 illud
1202 637 1251 698 olei

212 741 245 802 in
269 739 401 802 aredium
424 757 553 820 magnae
574 739 713 800 flammae
736 737 849 800 cadens
872 734 1019 798 exstinxit
1040 734 1175 800 fomitem
1190 737 1252 798 tanti

212 842 294 923 ignis
309 824 347 902 an
363 839 459 901 aluit?
483 838 590 901 Parum
613 857 713 920 aquae
735 837 866 920 frigidae
889 836 1110 898 ardentissimis
1126 836 1251 898 baustum

211 943 244 1003 in
261 940 398 1003 febribus
421 940 540 1002 sanavit
555 946 726 1021 aegrotum,
746 957 784 1000 an
801 939 902 1018 potius
920 937 1078 999 incendit?
1101 954 1156 1016 per
1170 952 1252 998 anuos

211 1059 307 1122 prope
329 1041 540 1121 septingentos
562 1039 592 1101 id
615 1045 672 1116 est,
696 1039 739 1116 ab
756 1039 885 1100 Hostilio
901 1038 988 1100 'lullo
1011 1054 1111 1117 usque
1130 1039 1167 1099 ad
1183 1037 1252 1098 Cae-

211 1160 310 1204 sarem
323 1140 507 1222 Augustum,
520 1158 579 1202 una
592 1139 801 1202 tantummodo
812 1145 927 1200 aestate
938 1137 1073 1200 Romana
1084 1138 1253 1218 sanguinem

213 1237 303 1317 [247]
327 1243 446 1303 viscera
469 1258 530 1302 non
558 1239 717 1302 fuderunt:
748 1245 779 1301 et
807 1241 888 1301 inter
915 1239 1059 1320 plurimas
1088 1255 1253 1320 magnomn

212 1342 404 1406 saeculorum
428 1348 544 1403 aetates
566 1341 677 1402 misera
700 1341 823 1418 civitas,
846 1358 922 1402 vere
945 1341 1056 1402 misera
1078 1345 1190 1416 mater,
1211 1337 1255 1398 vix

211 1460 275 1504 uno
298 1449 473 1520 temporea
501 1442 611 1502 timore
639 1441 793 1518 luctuum,
827 1448 862 1502 ut
894 1457 956 1502 non
990 1439 1087 1501 dicam
1121 1439 1159 1500 ab
1192 1439 1254 1518 ipsis

198 1541 345 1628 'luctibus
361 1541 548 1620 conquievit.
584 1540 648 1602 Hoc
671 1541 698 1603 si
721 1543 881 1622 quisquam
905 1540 1061 1602 homiuum
1083 1547 1144 1602 lam
1161 1555 1255 1620 parum

211 1645 243 1705 in
265 1642 329 1704 vita
351 1658 405 1704 sua
429 1643 542 1721 quietis
564 1641 732 1718 habuisset,
756 1643 905 1722 numquid
927 1640 978 1703 vel
999 1640 1115 1702 vixisse
1138 1641 1254 1702 dicore·

167 1728 170 1732 ’
210 1743 284 1811 tur?
305 1740 368 1803 Aut
389 1744 415 1804 si
438 1743 599 1822 quisquam
621 1759 678 1822 per
699 1749 797 1803 totum
819 1759 931 1803 anuum
954 1739 1111 1803 doloribus
1135 1748 1167 1803 et
1189 1757 1256 1801 orn-

189 1842 341 1905 ·ciatibus
374 1849 521 1922 angatur,
555 1842 656 1904 medio
689 1848 791 1903 autern
820 1842 892 1902 anni
918 1841 1014 1921 ipsius
1042 1843 1140 1921 spatio
1170 1857 1257 1902 unum

210 1950 327 2004 tantum
350 1944 430 2005 diem
454 1942 650 2022 tranquillum
674 1948 705 2002 et
726 1941 794 2002 sine
815 1940 1091 2004 conflictationibus
1107 1942 1258 2023 transigat,

209 2044 359 2124 numquid
389 2062 429 2106 ex
462 2060 499 2104 eo
532 2043 737 2103 levamentum
771 2040 919 2102 malorum
952 2043 1099 2122 accipiet,
1134 2061 1172 2104 ae
1204 2057 1258 2101 non

209 2152 305 2206 totum
335 2162 448 2206 annum
478 2141 608 2203 miseriis
635 2140 814 2220 deputabit?
860 2140 921 2204 Sed
943 2142 1004 2219 illi,
1032 2143 1149 2223 inquit,
1185 2143 1259 2204 huno

208 2261 322 2306 annum
346 2260 400 2322 pro
427 2243 562 2322 glorioso
589 2242 679 2322 signo
706 2240 905 2322 infatigabilis
933 2243 1055 2304 virtutis
1083 2245 1257 2306 collocave-

208 2350 294 2405 runt:
333 2350 426 2422 atque
458 2342 574 2403 rrtiuam
606 2359 663 2420 pro
696 2341 853 2404 oblivione
886 2341 1065 2404 calamitatis
1097 2345 1259 2406 continuae

207 2444 448 2524 praeteriissent.
491 2442 567 2506 Nam
590 2444 670 2505 sicut
695 2443 727 2504 in
756 2459 884 2523 corpore
910 2442 1042 2506 hominis
1071 2443 1112 2505 ita
1141 2445 1258 2506 demum

207 2545 292 2623 lepra
314 2545 514 2624 dignoscitur,
537 2545 565 2606 si
587 2544 726 2606 variatim
750 2545 831 2606 inter
852 2561 941 2607 sanas
965 2544 1043 2605 cutis
1062 2551 1166 2623 partes
1184 2544 1260 2606 color

208 2644 348 2704 diversus
371 2643 529 2724 adpareat3
553 2651 584 2705 at
605 2644 632 2704 si
653 2645 695 2705 ita
719 2660 753 2705 se
775 2643 892 2724 ubique
915 2643 1081 2721 diffundat,
1104 2650 1139 2706 ut
1163 2643 1259 2705 omnia

207 2745 300 2807 unius
323 2743 434 2806 coloris
456 2744 596 2824 quamvis
617 2742 782 2806 adulterini
805 2742 906 2819 faciat,
928 2743 1008 2823 perit
1029 2744 1081 2806 illa
1098 2744 1258 2806 discretio:

207 2846 248 2906 ita
281 2845 308 2906 si
335 2843 423 2906 labor
449 2846 613 2907 continuus
644 2842 767 2924 aequali
795 2843 956 2908 tolerantia
988 2845 1056 2906 sine
1090 2841 1262 2926 respirandi

154 2948 157 2953 '
206 2945 343 3022 adpetitu
362 2943 568 3027 perfluxisset,
590 2945 722 3006 intentio
744 2943 910 3008 voluntatis
934 2952 965 3007 et
987 2945 1100 3008 electio
1123 2963 1260 3010 consue-

206 3044 322 3106 tudinis
344 3044 506 3108 diceretur.
550 3045 626 3108 Cum
648 3051 751 3107 autem
774 3045 805 3106 in
825 3045 883 3107 boo
898 3045 1099 3126 pauxillulum
1116 3049 1175 3111 otii
1192 3056 1260 3108 tan·

205 3153 313 3225 topere
334 3145 386 3207 vel
407 3147 553 3228 majorum
575 3147 704 3228 gaudia,
730 3145 781 3208 vel
803 3145 953 3208 minorum
976 3146 1077 3209 studia
1098 3147 1261 3210 reclinan-

204 3253 271 3323 tur,
303 3245 443 3326 prolecto
465 3247 660 3325 discernitur,
688 3254 720 3310 et
748 3265 838 3327 quam
862 3247 1088 3328 jucunditatem
1118 3247 1263 3310 babuerit

204 3345 282 3408 baec
308 3347 453 3424 brevitas,
481 3353 513 3408 et
540 3366 630 3427 quam
660 3347 891 3412 amaritudinem
922 3346 973 3409 illa
995 3347 1171 3427 prolixitas:
1208 3347 1262 3408 hoc

205 3454 254 3509 est
275 3453 306 3508 et
329 3447 417 3526 quies
439 3445 490 3507 illa
514 3465 604 3527 quam
626 3457 712 3530 grata
735 3449 859 3526 luisset,
883 3451 909 3510 si
932 3447 1075 3510 diuturna
1099 3449 1264 3510 mansisset

205 3546 334 3609 ethaeo
356 3547 548 3610 incessabilis
571 3551 694 3611 miseria
717 3567 807 3629 quam
830 3549 920 3612 etiarn
944 3549 1068 3614 vitanda
1092 3547 1208 3626 suerit,
1239 3547 1264 3609 si

203 3647 293 3710 vitari
316 3665 510 3731 quacumque
532 3657 597 3713 arte
620 3653 775 3730 potuisset.
872 3675 880 3684 ·
