2634 4434
558 331 631 400 307

491 431 701 442 —u-u-——-——-

56 573 159 633 sione
191 569 386 649 perterritam
420 575 515 647 atque
546 568 579 628 in
610 567 727 629 ltaliam
755 566 886 628 transire
913 566 1122 645 meditantem,

58 671 149 734 dolis
171 671 413 743 circumuentum
436 667 606 745 interfecit,
630 667 817 748 fratremque
839 667 906 746 ejus
928 666 1122 729 Valentinia-

59 790 145 834 num
167 771 340 853 Augustum
363 770 449 832 ltalia
475 769 601 850 expulit.
645 769 878 830 Valentinianus
906 770 937 830 in
965 768 1123 830 Orientem

59 871 246 954 refugiens,
279 889 297 932 a
331 871 503 933 Theodosio
536 878 662 950 paterna
697 873 811 950 pietate
844 877 1019 950 susceptus,
1053 887 1125 930 mcx

62 973 162 1036 etiam
186 973 315 1051 imperio
335 976 495 1035 restitutus
517 979 574 1034 est.

323 1166 329 1180 l

385 1225 572 1363 taput
625 1221 802 1333 lllle.
913 1225 915 1228 ’
1038 1257 1125 1343 rarat

69 1431 295 1498 Theodosius
322 1427 519 1514 Imperator
545 1428 680 1498 Cacsar·
704 1429 888 1515 Augustae
920 1445 1008 1513 qaae
1040 1429 1151 1526 tetta·

65 1535 230 1618 gesserit.
266 1529 409 1598 Interim
432 1535 475 1597 de
489 1532 656 1612 Maximi,
678 1531 885 1616 Andrapattt'
907 1535 942 1596 et
970 1531 1126 1598 Valenti-

68 1636 170 1702 niani
190 1635 346 1717 interita,
376 1636 486 1718 degree
512 1633 703 1718 Artoyoete
731 1638 766 1700 et
786 1633 946 1718 Errpento
968 1637 1127 1717 tyranno,

244 1781 249 1803 .
362 1756 427 1821 per
451 1734 683 1801 Tbeodoet'nrn
705 1736 840 1802 deletis..

160 1891 251 1953 Anno
267 1891 310 1952 ,ab
333 1890 415 1952 Urbe
440 1892 562 1953 condita
584 1889 800 1955 MCXXXVlll.
828 1890 1017 1953 Theodosius
1046 1909 1127 1970 qua-

72 1970 392 2081 dragesimusprimus,
415 1992 579 2054 interfecto
598 2010 653 2072 per
667 1991 831 2053 Maximum
848 1992 1008 2069 Gratiano,
1025 1993 1127 2072 impe-

72 2097 154 2156 rium
177 2093 304 2155 Romani
327 2094 410 2155 orbis
432 2093 516 2154 solus
538 2093 685 2170 obtinuit,
715 2095 886 2174 mansitque
913 2095 945 2155 in
975 2109 1012 2155 eo
1041 2094 1129 2154 annis

74 2196 231 2271 undecim,
254 2213 323 2255 curu
341 2195 459 2274 jamin
482 2193 617 2254 Orientis
639 2194 775 2272 partibus
797 2211 853 2256 sex
874 2195 962 2256 annis
985 2192 1129 2262 Gratiana

73 2299 203 2358 vivente
229 2300 399 2376 regnasset.
443 2293 550 2374 ltaque
572 2294 665 2374 justis
693 2295 937 2373 necessariisque
965 2295 1065 2354 causis
1092 2293 1130 2354 ad

73 2392 191 2460 bellum
214 2395 305 2458 civile
328 2402 500 2475 permotus,
528 2414 598 2456 cum
622 2413 639 2456 e
662 2395 780 2457 duobus
803 2396 951 2475 Augustis
974 2394 1130 2484 fratribus,

74 2507 108 2560 et
137 2499 285 2559 ultionem
313 2497 405 2557 unius
434 2497 589 2558 interlecti
616 2498 743 2577 sanguis
766 2497 922 2576 exigeret,
946 2502 977 2556 et
998 2496 1129 2557 restitu-

73 2601 194 2661 tionem
222 2596 344 2656 miseria
372 2596 497 2658 alterius
525 2598 693 2659 exsulantis
722 2603 840 2674 araret,
873 2597 974 2676 posuit
1004 2597 1036 2657 in
1064 2597 1131 2658 Deo

73 2716 164 2779 spem
198 2713 298 2773 suatur,
333 2714 465 2777 seseque
480 2699 640 2785 xadversus
668 2699 831 2760 Maximum
859 2705 1038 2778 tyrannum,
1067 2699 1132 2760 sola

75 2800 140 2862 fide
163 2799 259 2879 major
282 2795 362 2875 (narn
385 2797 477 2878 longe
500 2800 599 2860 minor
613 2807 680 2862 crat
693 2802 837 2862 universa
853 2799 1012 2878 adparatus
1029 2799 1132 2860 bellici

77 2899 318 2980 comparatione)
341 2899 500 2979 proripuit.
538 2899 702 2981 Aquileiae
725 2909 798 2962 tunc
813 2897 962 2962 Maximus
984 2901 1132 2962 victoriae

77 3019 154 3066 suae
176 3006 329 3080 spectator
357 3000 519 3061 insederat.
563 3000 790 3081 Andragatbius
817 3018 920 3064 comes
948 3002 1015 3083 ejus
1042 3019 1132 3063 surn-

78 3121 157 3163 mam
181 3101 255 3163 belli
277 3099 522 3162 administrabat:
553 3101 698 3178 quicum
721 3100 899 3182 largissimis
918 3086 1049 3163 'militum
1074 3121 1132 3165 cc-

77 3204 139 3284 piis
167 3205 295 3282 ipsaque
322 3219 500 3283 magnarum
530 3201 684 3280 copiarum
709 3199 903 3279 fortitudine,
926 3203 1134 3282 praecellente
1248 3195 1250 3203 ⁴

79 3304 226 3379 consilio,
255 3320 361 3366 omnes
388 3301 613 3365 incredibiliter
638 3302 761 3383 Alpium
791 3321 826 3365 ac
853 3303 1011 3366 lluminum
1034 3304 1134 3366 aditus

79 3405 308 3481 communisset,
331 3404 481 3466 ineffabili
492 3404 695 3485 judicichi,
719 3405 790 3466 dum
814 3404 914 3466 navali
937 3405 1135 3486 expeditione
1226 3413 1230 3430 “

79 3508 236 3566 incautum
259 3506 377 3570 bostem
400 3507 584 3586 praevenire
606 3512 638 3566 et
660 3504 792 3567 dbruere
815 3513 915 3584 parat,
945 3514 1053 3588 sponte
1076 3519 1134 3568 ca-

80 3607 165 3682 dem,
186 3625 274 3685 ,quae
302 3607 512 3684 obstruxerat,
535 3607 667 3668 claustra
691 3606 836 3670 deseruit.
879 3606 924 3668 lta
945 3607 1135 3668 Theodosius

81 3695 205 3768 nemine
228 3710 391 3782 sentiente,
414 3715 532 3768 utnon
555 3708 652 3769 dicam
675 3715 879 3790 repugnante,
902 3725 1013 3770 vacuas
1029 3715 1134 3769 trans-

82 3809 163 3868 misit
191 3809 300 3888 Alpes,
328 3816 421 3888 atque
443 3809 617 3888 Aquileiam
640 3811 824 3890 improvisus
846 3807 1025 3885 adveniens,
1049 3805 1135 3891 [558]

82 3909 199 3970 bostem
218 3909 302 3970 illum
326 3926 480 3992 magnum,
504 3909 668 3973 Maximum
691 3916 809 3972 trucem
833 3915 864 3970 et
885 3909 922 3970 ab
946 3910 1135 3971 immanissi-

84 4012 139 4071 mis
155 4028 280 4090 quaque
296 4008 515 4095 Germanarum
537 4012 683 4090 gentibus
705 4010 876 4095 tributaac
898 4011 1048 4092 stipendia
1071 4009 1137 4073 solo
