2634 4434
691 329 742 398 80

524 579 719 717 doqut
766 575 897 687 llll.

189 796 350 871 Breviter
363 797 619 884 comprehendit
632 799 849 884 avertentium
864 797 1026 864 bellorum
1040 818 1063 864 c
1077 797 1246 868 Romanor

292 904 469 986 qestomm
490 900 621 966 clades:
643 904 680 966 et
700 900 743 968 de
763 897 851 966 doni
870 901 981 984 portic
1003 901 1142 968 clausio.

276 1068 343 1132 lam
365 1069 438 1132 hinc
459 1071 559 1133 statim
582 1089 599 1136 a
620 1070 765 1133 Romanis
787 1071 948 1134 aduersum
973 1069 1138 1148 Samnitas,
1160 1088 1247 1152 gen·
1315 1051 1316 1068 ¹

193 1170 387 1250 temonibus
415 1172 570 1251 armisque
598 1172 745 1250 validam,
773 1189 828 1253 pro
856 1171 1016 1252 Campanis
1044 1178 1076 1231 et
1102 1171 1248 1234 Sidicinis

192 1269 274 1343 bella
306 1279 450 1352 suscepta
481 1279 560 1335 sunt.
628 1273 825 1336 Samniticum
859 1272 974 1338 bellum
1009 1271 1134 1351 ancipili
1165 1277 1249 1333 stetu

191 1377 312 1450 gestum
335 1371 483 1452 Pyrrhus,
504 1374 557 1436 uel
580 1374 729 1436 maximus
744 1372 872 1435 Romani
895 1372 1027 1434 nominis
1049 1371 1161 1448 hostis,
1185 1388 1247 1435 ex-

192 1471 282 1548 cepit.
327 1470 432 1552 Pyrrhi
465 1473 579 1536 bellum
612 1491 685 1535 mox
711 1474 857 1536 Punicum
892 1479 1092 1538 consecutum
1125 1477 1184 1534 est:
1217 1477 1249 1530 et

194 1569 334 1648 quamuis
357 1588 513 1653 nunquam
535 1580 753 1656 postmortem
776 1571 893 1636 Numae
922 1590 939 1635 a
967 1569 1117 1634 bellorum
1144 1569 1248 1634 cladi·
1314 1574 1316 1648 l

193 1664 282 1750 [tat]
304 1669 362 1733 bus
390 1670 487 1739 fuisse
514 1682 684 1754 cessatum,
717 1679 857 1755 patentes
889 1690 1011 1753 semper
1040 1670 1110 1732 Jani
1141 1677 1249 1750 portae

193 1768 343 1849 indicent,
365 1790 459 1842 exeo
479 1782 593 1854 tamen,
614 1776 712 1837 veluti
735 1792 790 1853 per
811 1773 981 1847 meridiem,
1004 1777 1068 1830 tote
1090 1770 1249 1848 inpressus
1315 1759 1316 1818 3

192 1868 282 1934 coelo
309 1869 458 1939 malorum
484 1873 589 1939 leruor
617 1861 783 1938 incanduit.
832 1871 924 1933 Porro
954 1876 1075 1946 autom,
1103 1869 1248 1933 inchoato

193 1969 291 2038 semel
312 1969 395 2034 bello
416 1972 545 2055 Punico,
569 1981 671 2036 utrum
693 1970 857 2051 aliquando
879 1967 970 2047 bello,
993 1968 1115 2047 caedes,
1138 1971 1247 2033 ruinae

194 2073 287 2150 atque
320 2073 423 2144 omnia
456 2071 647 2144 infandarum
681 2073 827 2140 mortium
856 2088 990 2154 genere,
1023 2069 1082 2131 nisi
1116 2069 1247 2132 Caesare

192 2168 335 2260 Augusto
358 2173 527 2251 imperante
547 2172 754 2248 cessaverint,
777 2173 925 2251 inquirat,
948 2171 1101 2248 inveniat,
1128 2170 1246 2249 prodat,

192 2269 333 2354 quisquis
361 2269 535 2344 infamanda
557 2278 693 2352 tempora
717 2270 887 2332 Christiana
908 2276 1002 2352 putat.
1044 2268 1171 2350 Absque
1193 2269 1247 2331 illc

193 2374 294 2430 tamen
317 2372 399 2432 inter
421 2371 502 2435 bella
523 2373 637 2436 Punica
660 2373 752 2444 unius
780 2376 869 2449 anni,
896 2371 994 2433 ueluti
1016 2373 1081 2432 avis
1103 2376 1246 2452 praeter-

192 2466 335 2550 volantiS,
358 2488 492 2537 excursu
514 2471 642 2535 Romani
665 2478 788 2553 propter
810 2471 929 2536 clausas
944 2470 1013 2532 Jeni
1032 2478 1145 2551 portas,
1168 2471 1248 2556 inter

192 2563 297 2631 febres
330 2570 516 2652 morbosque
548 2572 754 2653 reipublicae,
786 2572 825 2634 ad
857 2571 916 2634 hoc
949 2571 1130 2634 brevissimo
1164 2570 1248 2650 pacis

74 2677 77 2680 ’
192 2667 294 2748 signo,
316 2670 404 2731 uelut
424 2673 606 2734 tenuissimo
627 2690 727 2752 aquae
748 2673 870 2754 gelidae
891 2670 1014 2749 haustu,
1037 2670 1143 2738 inlecti
1165 2676 1248 2747 sunt,
1313 2679 1314 2696 ¹

193 2771 244 2844 ut,
271 2768 303 2830 in
325 2770 414 2852 pejus
436 2770 681 2849 recalescentes,
708 2770 803 2842 multo
825 2773 949 2853 gravius
971 2771 1249 2850 vehementiusque

193 2865 431 2942 adflicturentur.
474 2868 516 2933 At
546 2888 639 2948 vero,
672 2872 699 2934 si
731 2871 988 2936 indubitatissime
1020 2859 1155 2950 constat,
1190 2869 1249 2933 sub

192 2965 335 3058 Augusto
368 2971 498 3052 primum
533 2969 664 3036 Caesare
690 2979 758 3052 post
779 2973 947 3040 Parthicam
975 2990 1081 3053 pacem
1115 2971 1248 3034 univer-

194 3083 297 3129 sarum
318 3075 468 3133 terrarum
489 3071 613 3151 orbem,
640 3073 746 3154 positis
768 3073 860 3139 armis
882 3071 1067 3154 abolitisque
1089 3072 1250 3136 discordiis
1312 3105 1313 3108 π

193 3170 334 3248 generali
355 3188 432 3252 pace
459 3179 492 3235 et
517 3190 598 3249 noua
624 3173 730 3253 quiete
764 3175 980 3254 compositum,
1013 3172 1157 3235 Romanis
1190 3190 1264 3253 pa·.
1312 3181 1313 3204 ³

194 3267 295 3332 ruisse
320 3270 459 3354 legibus,
486 3273 622 3338 Romana
639 3275 711 3357 jura
733 3292 823 3354 quam
846 3275 967 3354 propria
989 3291 1072 3336 arma
1095 3273 1251 3351 maluisse,

194 3370 368 3450 spretisque
383 3373 514 3436 ducibus
528 3375 592 3437 suis
602 3375 725 3456 judices
741 3373 873 3456 elegisse
889 3373 1056 3437 Romanos:
1084 3381 1251 3454 postremo,

196 3467 340 3532 omnibus
354 3474 510 3554 gentibus,
532 3478 650 3538 cunctis
673 3474 849 3555 prouinciis,
872 3476 1043 3538 innumeris
1066 3474 1252 3550 ciuitatibus,
1311 3539 1312 3548 χ

194 3565 321 3632 inlinitis
344 3575 473 3655 populis,
497 3579 568 3639 totis
583 3577 673 3638 terris
696 3592 787 3636 unam
807 3573 905 3638 luisse
925 3576 1125 3652 voluntatem,
1148 3573 1248 3637 libero

196 3665 389 3753 honestoque
411 3677 513 3738 studio
535 3674 688 3738 inservire
710 3674 788 3753 paci,
815 3681 908 3755 utque
930 3677 961 3738 in
984 3692 1148 3761 commune
1171 3691 1251 3736 con-

198 3763 287 3845 [164]
310 3773 429 3836 sulere:
455 3775 538 3856 quod
560 3776 644 3855 prius
671 3791 712 3834 ne
739 3791 801 3836 una
828 3774 951 3855 quidem
979 3757 1103 3854 civitas,
1132 3791 1253 3838 unusve

196 3870 326 3948 populus
348 3875 475 3949 civium,
497 3872 559 3951 vel,
583 3872 665 3952 quod
689 3873 786 3953 maJus
808 3881 865 3952 est,
888 3893 949 3939 una
978 3877 1087 3942 domus
1114 3875 1254 3952 fratrum,
1310 3895 1311 3912 ¹

190 3969 309 4052 jugiter
335 3972 450 4034 habere
477 3971 642 4052 potuisset:
674 3973 756 4060 quod
783 3975 811 4038 si
837 3977 944 4053 etiam,
978 3995 1049 4040 cum
1082 3977 1254 4058 imperante
