2634 4434
709 322 781 393 198

216 558 337 621 demum
366 574 447 621 anno
475 556 549 620 belli
578 556 711 621 inchoati
745 558 870 635 iisdem,
904 556 1018 637 quibus
1046 562 1078 619 et
1104 556 1274 638 Viriathus,

93 709 94 713 ,
144 730 155 746 ‚
214 676 339 723 sucrum
374 659 451 721 dolis
485 658 683 736 interiectus,
712 659 803 721 linem
836 658 917 721 bello
945 656 1035 735 fecit,
1063 657 1274 739 Romanisque

214 760 373 822 victoriam
390 786 391 789 ¹
407 759 474 822 sinc
507 758 604 839 gloria
638 759 736 821 dedit:
776 760 917 840 quamvis
949 758 1132 838 Perpernam
1165 767 1275 839 postea

214 878 284 941 pars
307 860 461 922 exereitus
484 862 551 940 ejus
573 866 679 921 secuta
701 861 757 937 sit,
787 860 841 939 qui
869 878 887 922 a
914 860 1057 939 Pompeio
1078 860 1181 921 victus
1204 878 1275 921 cum
1312 879 1313 922 ἕ

184 948 187 955 ’
215 962 362 1024 universo
395 960 535 1022 exercitu
567 977 623 1023 suo
657 959 839 1023 interfectus
874 967 930 1022 est.
983 959 1164 1022 Civitatibus
1197 972 1274 1022 vero
1312 953 1313 1028 j

215 1061 335 1124 cunctis
357 1060 438 1122 ultro
461 1078 496 1121 ac
518 1060 586 1122 sine
609 1078 693 1124 mora
715 1080 784 1141 per·
800 1060 987 1123 deditionem
1014 1061 1163 1140 receptis,
1194 1060 1275 1124 duae
1312 1045 1313 1122 l

215 1169 331 1223 tantum
357 1162 553 1239 restiterunt,
584 1160 644 1223 hcc
672 1170 719 1225 est
741 1163 856 1253 Uxama
879 1168 911 1223 et
933 1160 1105 1245 Calaguris:
1141 1180 1272 1241 quarum

215 1262 360 1325 Uxamam
383 1260 544 1341 Pompeius
572 1265 700 1341 evertit,
729 1262 901 1344 Calagurim
923 1259 1070 1323 Afranius
1088 1262 1158 1343 jugi
1182 1262 1274 1324 obsi-

215 1360 512 1438 dionaeonlectam,
535 1364 689 1441 atque‘ad
712 1361 841 1425 infames
864 1380 951 1425 escas
973 1362 1145 1424 miseranda
1167 1363 1274 1443 inopia

216 1469 352 1525 coactam
384 1462 491 1523 ultima
524 1462 619 1524 caede
652 1464 861 1544 incendioque
894 1463 1016 1525 delevit.
1070 1462 1273 1526 Percussores

215 1564 345 1628 Sertorii
366 1563 534 1643 praemium
565 1581 605 1625 ne
633 1565 799 1643 petendum
829 1564 953 1644 quidem
980 1582 997 1623 a
1026 1561 1171 1625 Romanis
1202 1582 1273 1627 esse

213 1665 380 1741 duxerunt,
403 1664 516 1745 quippe
539 1665 592 1746 qui
615 1666 826 1727 meminissent
848 1671 937 1726 antea
951 1662 1080 1724 Viriathi
1100 1681 1270 1742 percusso-

212 1765 299 1827 ribus
322 1764 516 1846 denegatum.
561 1764 599 1826 Et
620 1767 762 1846 quamvis
785 1766 870 1827 nullo
899 1772 973 1826 tunc
998 1764 1134 1843 praemio
1161 1773 1271 1844 patra-

217 1862 308 1938 [358]
337 1865 439 1926 verint
460 1864 625 1926 Romanam
653 1866 867 1943 securitatem,
901 1874 1003 1927 tamen
1031 1862 1117 1925 tortis
1144 1863 1206 1926 fide
1236 1885 1272 1928 ac

158 1961 163 1970 “
214 1964 332 2026 viribus
348 1981 469 2044 semper
480 1965 635 2044 Hispania,
652 1982 721 2026 cum
737 1967 867 2045 optimos
882 1964 1163 2043 invictissimosque
1178 1984 1273 2047 reges

212 2064 402 2145 reipublicae
431 2064 566 2143 dederit,
600 2066 717 2127 nullum
740 2083 874 2145 unquam
898 2074 1096 2147 tyrannorum
1119 2065 1157 2126 ab
1182 2068 1273 2128 initio

214 2167 367 2246 usquein
390 2149 571 2228 hodiernum
600 2165 682 2228 diem
710 2166 749 2229 de
776 2183 811 2236 se
840 2166 956 2228 editum
980 2166 1079 2240 misit,
1102 2165 1153 2226 vel
1176 2167 1209 2228 in
1238 2185 1273 2227 se

214 2267 407 2329 extrinsecus
435 2268 642 2328 incurrentem
678 2266 781 2328 vivum
813 2273 1010 2345 potentemve
1044 2264 1167 2328 dimisit
1213 2266 1271 2327 ln-

215 2372 299 2428 terea
321 2364 550 2431 Macedonicum
574 2366 689 2427 bellum
711 2365 855 2428 Claudius
877 2367 1003 2428 sortitus
1026 2365 1125 2426 varias
1146 2374 1271 2446 gentes,

213 2484 293 2547 quae
309 2466 500 2547 Rhodopaeis
521 2465 676 2529 montibus
698 2464 903 2529 circumlusae
917 2473 999 2543 sunt,
1019 2483 1056 2527 ae
1070 2472 1145 2526 tunc
1159 2466 1271 2528 lllaee-
1312 2505 1313 2578 q

214 2566 335 2627 doniam
358 2568 570 2629 crudelissime
590 2566 829 2646 populabantur:
854 2562 934 2647 (nam
950 2567 1032 2627 iuter
1046 2572 1169 2627 caetera
1186 2567 1272 2629 dictu
1312 2589 1313 2624 t

213 2666 383 2745 audituque
410 2667 549 2744 horrida,
578 2685 657 2747 quae
680 2668 714 2728 in
737 2669 872 2749 captivos
894 2667 1041 2748 agebant,
1063 2667 1177 2745 raptis,
1201 2686 1270 2729 cum

212 2766 323 2845 poculo
345 2784 422 2848 opus
451 2774 548 2845 esset,
575 2766 777 2830 humanorum
805 2768 937 2847 capitum
966 2767 1102 2845 ossibus,
1130 2769 1270 2829 cruentis
1312 2763 1313 2800 ³

213 2867 424 2947 capillatisque
447 2867 556 2943 adhue,
579 2884 614 2928 ac
636 2885 692 2947 per
711 2870 876 2931 interiores
890 2885 1038 2930 cavernas
1054 2867 1133 2930 male
1148 2876 1269 2931 estosso

213 2966 342 3027 cerebro
365 2967 483 3043 oblitis,
514 2966 605 3027 avide
626 2984 663 3028 ac
684 2969 752 3029 sine
773 2968 902 3031 horrore
924 2976 1077 3048 tamquam
1099 2968 1187 3029 veris
1209 2986 1267 3048 po-

211 3065 290 3129 culis
323 3066 503 3145 utebantur,
537 3079 666 3147 quarum
700 3070 906 3132 cruentissimi
939 3076 1031 3148 atque
1063 3069 1270 3130 inmanissimi

213 3166 365 3231 Scordisci
388 3166 486 3249 erant)
509 3167 562 3230 has
586 3169 751 3250 iuquam
766 3169 841 3247 dixi,
864 3169 1009 3231 Claudius
1024 3167 1142 3249 pellere
1157 3168 1268 3231 Maec-

210 3267 322 3330 dcniae
344 3268 455 3331 linibus
479 3267 560 3331 bello
582 3268 761 3348 amentavit,
782 3270 963 3351 magnisque
978 3288 1012 3331 se
1028 3268 1181 3331 malorum
1198 3286 1267 3330 mo·

210 3366 291 3429 libus
314 3367 440 3447 obJeeit:
466 3370 547 3431 unde
571 3388 638 3431 cum
660 3371 761 3432 animo
777 3388 872 3452 aeger
886 3376 918 3431 et
933 3371 1015 3431 curis
1030 3369 1268 3450 circumseptus

211 3465 317 3527 morbo
345 3468 470 3547 insuper
499 3477 657 3550 correptus
687 3478 785 3549 esset,
813 3472 939 3533 interiit.
982 3469 1080 3551 llnjus
1102 3486 1270 3532 successor
1312 3483 1313 3508 ³

94 3618 98 3631 „
211 3566 389 3629 Scribonius
411 3569 631 3659 adtentatarum
655 3572 815 3649 superiore
838 3570 919 3633 bello
941 3572 1080 3652 gentium
1108 3570 1175 3631 vim
1208 3571 1268 3632 de-

209 3666 342 3745 clinans,
369 3669 401 3729 in
428 3668 610 3731 Dardaniam
640 3687 723 3731 arma
751 3672 903 3732 convertit
932 3688 1062 3750 eamque
1095 3671 1267 3757 superavit

207 3764 332 3829 Publius
360 3787 434 3830 vero
464 3769 613 3833 Servilius
641 3770 810 3831 exconsule
839 3770 974 3833 Ciliciam
1003 3776 1036 3831 et
1056 3769 1269 3851 Pamphyliam
1312 3797 1313 3870 q

208 3865 419 3931 crudelissime
445 3869 585 3944 adortus,
617 3868 688 3931 dum
710 3869 844 3931 subdere
867 3870 985 3947 studet,
1007 3886 1107 3949 paene
1138 3871 1313 3933 delevit

207 3957 328 4037 Lyciam
352 3974 383 4026 et
405 3967 502 4031 Urbes
525 3970 591 4046 eJus
614 3968 755 4031 obsessas
776 3986 1000 4050 oppressasque
1028 3971 1120 4049 cepit
1166 3970 1267 4034 Prae·
1312 3979 1313 4064 J
