2634 4434
560 331 606 404 19

481 431 686 444 “nn—*—

65 585 136 646 qnae
167 566 274 648 procul
307 565 400 630 dubio
428 574 624 648 peccatorum
652 585 733 630 noxa
761 566 1043 649 conflagraverunt,
1075 575 1108 632 et

63 669 151 730 scisse
178 685 213 730 so
240 674 272 730 et
298 668 489 730 concessisse
523 665 702 746 confessus,
734 667 833 748 palam
865 668 1013 748 prodidit,
1044 687 1107 732 non

62 767 115 829 sibi
137 768 321 849 cognitionis
343 766 434 828 fidem
456 767 608 845 doluisse,
630 768 686 830 sed
709 768 929 849 exprimendae
951 766 1024 830 ndei
1045 786 1106 830 ro-

62 867 217 931 luntatem:
247 867 330 949 quod
356 887 373 930 a
402 885 450 930 me
480 885 563 930 nuno
589 869 711 949 plenius
738 867 920 949 proferetur.
964 866 998 930 ln
1025 885 1107 933 cott-

62 966 127 1030 inio
148 968 281 1031 Arabiae
304 975 335 1030 et
356 968 561 1046 Palaestinae,
585 986 645 1049 qua
668 969 785 1033 dimissi
806 969 990 1032 altrinsecus
1012 985 1107 1031 mon-

60 1073 115 1145 tes,
140 1069 287 1150 subjectis
309 1069 423 1148 campis
446 1069 659 1148 excipiuntur,
683 1069 821 1149 quinque
843 1070 983 1132 civitates
1005 1068 1107 1148 tuere,

60 1167 200 1246 Sodoma,
229 1167 392 1246 Gomorra,
421 1168 553 1246 Adama,
584 1168 724 1246 Seboirn,
748 1176 780 1231 et
801 1169 907 1251 Segor.
929 1169 984 1233 sed
1007 1169 1108 1252 Segor

58 1287 93 1328 ex
113 1269 161 1330 his
185 1287 294 1348 parva,
317 1270 389 1331 illae
409 1270 527 1350 amplae
555 1276 586 1331 et
614 1284 758 1352 magnae:
794 1271 908 1350 quippe
935 1269 1049 1350 quibus
1074 1275 1107 1332 et
1159 1285 1163 1290 ’

57 1369 110 1430 soli
132 1368 328 1432 foecunditas
350 1369 485 1455 suberat,
508 1375 540 1430 et
554 1367 696 1432 iordanis
717 1369 830 1433 fluvius
852 1388 907 1450 per
928 1370 1017 1451 plana
1039 1369 1106 1432 dii·

57 1466 148 1547 lnsus,
173 1488 209 1531 ac
231 1476 458 1549 peropportune
480 1469 607 1546 divisus,
631 1472 804 1551 augmentis
825 1470 974 1533 ubertatis
989 1472 1104 1552 inpen-

56 1568 191 1632 debatur.
227 1569 306 1630 Huic
328 1570 491 1632 universae
513 1572 645 1650 regioni,
669 1570 758 1633 bonis
773 1572 852 1633 male
868 1572 977 1646 utenti,
1000 1571 1102 1633 abun·

56 1668 153 1732 dantia
184 1685 287 1730 rerum
318 1684 408 1729 causa
437 1669 583 1729 malorum
617 1667 684 1730 suit.
726 1669 774 1730 Ex
805 1671 990 1733 abundantia
1022 1672 1105 1732 enim

55 1767 190 1846 luxuria,
213 1787 254 1829 ex
275 1767 397 1830 luxuria
421 1766 530 1829 foedae
553 1767 698 1831 libidines
719 1768 901 1832 adolevere:
924 1769 1018 1847 adeo,
1040 1766 1106 1852 [421

55 1876 84 1930 ut
105 1869 234 1932 masculi
257 1869 288 1930 in
313 1867 464 1930 masculos
487 1875 650 1947 operantes
673 1869 910 1949 turpitudinem,
932 1889 973 1932 ne
994 1873 1104 1932 oonsi-

54 1969 164 2033 deratis
188 1969 311 2050 quidem
335 1968 426 2046 locis,
450 1967 699 2046 conditionibus,
726 1968 942 2051 aetatibusque
969 1989 1104 2052 prorue-

53 2078 126 2132 rent.
172 2069 280 2150 ltaque
302 2070 397 2130 iratus
419 2070 518 2145 Deus,
544 2067 622 2147 pluit
649 2085 743 2148 super
763 2068 843 2131 banc
865 2078 977 2133 terram
1000 2073 1104 2152 ignem

54 2177 83 2230 et
102 2165 242 2251 sulphur,
266 2176 422 2250 totamque
443 2169 602 2250 regionem
626 2187 695 2230 cum
718 2170 838 2249 populis
860 2179 953 2252 atque
976 2171 1104 2233 urbibus

55 2279 207 2348 exustam,
236 2276 344 2332 testem
370 2269 480 2350 judicii
509 2269 558 2332 sui
591 2268 742 2348 futuram,
774 2277 900 2332 aeterna
931 2272 1104 2352 perditione

54 2369 220 2434 damnavit:
243 2377 279 2432 ut
300 2386 383 2431 nune
406 2387 530 2450 quoque
545 2370 690 2450 adpareat
705 2371 828 2448 quidem
846 2369 941 2433 lorma
955 2373 1104 2453 regionis,

55 2471 105 2530 sed
127 2472 305 2533 inveniatur
325 2471 413 2551 regio
436 2471 566 2546 cineris,
596 2468 792 2546 mediamque
820 2471 990 2530 convallem
1013 2489 1104 2548 quam

53 2568 193 2633 lordonis
215 2573 411 2653 irrigaverat,
441 2586 524 2630 nunc
551 2585 634 2630 mare
662 2565 857 2646 superfusum
884 2575 974 2650 tegat.
1019 2569 1104 2632 Tan·

54 2677 179 2751 tamque
202 2672 239 2734 de
262 2671 355 2732 rebus
378 2667 424 2750 (ut
445 2666 579 2749 putatur)
601 2669 704 2748 parvis
733 2668 855 2730 divinae
885 2670 1104 2752 indignationis

54 2789 215 2834 accensum
239 2778 295 2850 est,
318 2777 352 2832 ut
373 2777 497 2850 propter
518 2768 576 2830 hoc
599 2769 681 2848 qnod
704 2768 749 2830 illi
771 2770 850 2831 male
864 2778 988 2833 utentes
1004 2771 1104 2848 bonis,

54 2871 170 2934 lrnctus
207 2871 501 2946 misericordiarum,
537 2871 724 2932 nutrimenta
760 2869 921 2932 libidinum
954 2869 1103 2948 fecerant,

53 2979 130 3034 terra
146 2990 273 3053 quoque
289 2973 363 3052 ipsa,
385 2989 464 3053 quae
479 2969 533 3032 has
548 2970 697 3032 habuerat
712 2971 862 3050 civitates,
884 2971 1014 3051 primum
1037 2967 1102 3054 [43]

53 3081 157 3134 exusta
188 3073 338 3155 ignibus,
355 3079 425 3154 post
447 3088 590 3152 oppressa
613 3074 717 3152 aquis,
740 3073 772 3134 in
793 3079 949 3136 aeternam
972 3073 1102 3136 damna-

52 3174 165 3236 tionem
190 3174 344 3236 communi
367 3173 481 3253 periret
504 3165 671 3253 adspectui.

414 3419 612 3563 ba'put
665 3420 743 3533 ll.

134 3626 357 3715 Comparatio
387 3631 495 3697 clodia
516 3629 752 3700 Sodomiticoe
779 3635 812 3697 et
831 3630 1020 3698 Rornanoc.

133 3783 243 3865 Itaque
265 3803 358 3864 nunc,
381 3787 408 3848 si
429 3787 538 3884 placet,
561 3789 600 3870 tri„
615 3790 670 3869 qui
692 3791 724 3851 in
746 3788 909 3866 Christum,
932 3801 1024 3868 quern
1047 3798 1104 3844 nos

46 3883 183 3961 judicem
218 3887 412 3950 saeculorum
446 3889 653 3967 ostendimus,
689 3896 838 3969 quantum
874 3889 907 3948 in
939 3885 1013 3964 ipsis
1045 3891 1103 3959 est,

49 3993 138 4062 sputa
175 3988 362 4068 conjiciunt,
399 3989 480 4053 inter
513 3989 674 4054 &domam
707 3997 740 4052 et
770 3988 896 4070 Romam
928 3985 1105 4048 discernant
