2634 4434
696 304 744 373 36

196 543 317 608 cubitus
339 541 521 622 permisere,
545 539 650 603 infami
679 539 769 617 satis,
798 553 857 598 nec
886 544 986 600 tamen
1013 537 1082 600 utili
1111 539 1249 602 licentia.

195 642 256 724 ipsi
278 652 377 706 autem
401 643 555 722 proposito
578 641 755 703 insistentes
783 644 961 718 expugnant
987 636 1095 700 fraude
1122 639 1249 702 Messe-

195 745 278 822 nios,
307 745 559 806 victosservitio
581 746 733 820 premunt.
776 737 819 800 At
845 737 891 798 illi
917 731 1074 799 cruentam
1102 739 1157 802 diu
1186 741 1249 801 do-

194 844 392 905 minationem
410 838 496 906 'inter
517 841 647 903 verbera
669 846 702 902 ct
722 837 846 901 vincula
868 839 1021 919 perpessi,
1044 840 1156 920 jugum
1187 859 1250 900 ex-

195 945 332 1019 cutiunt,
365 961 447 1005 arma
465 946 613 1018 sumunt,
645 939 760 1002 bellum
788 939 968 1001 instaurant.
1011 937 1251 1002 Lacedaemonii

196 1039 265 1117 [82]
288 1043 462 1124 Tyrtaeum,
482 1049 601 1122 poetam
617 1040 850 1116 Atheniensem,
866 1039 974 1101 ducem
989 1039 1107 1118 praelio
1121 1039 1248 1121 legunt:

196 1143 249 1221 qui
271 1144 369 1205 tribus
391 1131 583 1205 conflictibus
605 1139 683 1218 iusi,
705 1139 850 1202 amissum
874 1139 1062 1216 exercitum,
1083 1147 1195 1202 vocata
1217 1140 1251 1200 in

195 1244 366 1306 libertatem
397 1260 567 1318 sorvorum·
589 1260 696 1318 manu,
729 1240 959 1321 suppleverunt.
1005 1239 1066 1301 Sed
1099 1258 1170 1301 cum
1205 1241 1250 1301 sic

196 1361 320 1425 quoque
358 1333 571 1408 desistendum
603 1341 770 1405 certamine
805 1347 930 1422 propter
966 1345 1080 1400 metum
1117 1339 1250 1420 periculi

195 1443 430 1523 arbitrarentur,
463 1444 597 1526 Tyrtaei·
612 1450 722 1523 poetae
751 1449 783 1505 et
810 1442 896 1503 ducis
920 1441 1089 1520 composito
1110 1441 1248 1501 carmine

196 1552 228 1607 et
249 1562 303 1625 pro
326 1546 475 1606 concione
497 1525 635 1620 recitato,
657 1561 765 1605 rursus
787 1542 920 1621 accensi,
942 1559 1015 1602 mox
1035 1542 1068 1603 in
1090 1548 1247 1602 certamen

198 1641 265 1720 [83]
288 1653 395 1709 ruunt:
417 1651 562 1724 tantaque
585 1644 616 1704 vi
638 1645 808 1707 animorum
831 1659 1014 1704 concursum
1037 1648 1099 1719 est,
1121 1647 1156 1703 ut
1177 1658 1247 1702 raro

90 1805 92 1826 ¹
195 1762 329 1825 unquam
345 1747 503 1808 cruentius
518 1743 671 1825 praelium
687 1745 852 1828 exarserit:
876 1743 914 1805 ad
936 1749 1121 1835 postremum
1144 1749 1245 1804 tamen

195 1845 323 1906 victoria
345 1837 745 1913 Lacedaemoniorumiuit
781 1844 883 1906 Tertio
898 1841 1043 1905 Messenii
1062 1859 1246 1922 reparavere

196 1951 359 2006 certamen.
401 1943 466 2007 Nec
487 1943 750 2006 Lacedaemoniis
764 1956 858 2011 mora.
901 1942 1011 2004 Multas
1037 1944 1071 2005 in
1098 1942 1245 2006 auxilium

196 2045 298 2124 copias
326 2044 480 2124 utrimque
502 2044 666 2108 duxerunt.
708 2045 916 2108 Athenienses
937 2060 1012 2106 vero
1033 2042 1244 2107 Lacedaemo-

195 2145 263 2207 nios
285 2145 359 2206 alibi
386 2145 519 2206 intentos
546 2162 565 2205 e
594 2145 872 2230 diversoadgredi
899 2151 1014 2226 parant.
1056 2143 1122 2206 Nec
1142 2143 1243 2206 Lace-

170 2316 173 2319 ,
195 2244 348 2308 daemonii
368 2247 534 2326 quievere:
559 2263 627 2308 nam
651 2247 710 2326 ipsi
732 2247 777 2327 in·
786 2245 956 2308 Messenios
978 2245 1128 2325 occupati,
1151 2245 1243 2307 Pelo-

194 2361 371 2424 ponnenses
395 2347 597 2424 immiserunt,
621 2349 674 2427 qui
690 2346 896 2428 Athenienses
917 2345 1034 2426 praelio
1057 2347 1244 2425 exciperent

194 2443 401 2535 Athenienses
428 2452 545 2524 autem,
574 2449 666 2512 missa
688 2449 720 2509 in
742 2448 1029 2529 Aegyptumparva
1052 2445 1166 2523 classe,
1190 2446 1242 2506 in-

194 2563 283 2625 pares
306 2548 440 2625 anibus,
469 2548 570 2610 navali
593 2565 762 2629 congressu
784 2546 875 2609 facile
896 2549 1071 2631 vincuntur.
1113 2546 1244 2622 Dehinc,

174 2653 318 2726 'recepta
346 2647 460 2724 classe,
489 2648 571 2710 arreti
600 2650 691 2710 etiam
725 2648 1013 2730 rnilitumrobore,
1046 2648 1180 2709 victores
1211 2648 1243 2708 in

194 2746 342 2826 praelium
365 2755 483 2810 vocant.
527 2747 762 2811 Lacedaemonii
795 2765 936 2828 quoque,
970 2749 1091 2810 omissis
1122 2746 1243 2809 Messe-

194 2847 264 2926 niis,
287 2848 319 2910 in
334 2848 540 2911 Athenienses
556 2867 638 2912 arma
652 2856 845 2912 convertunt.
889 2849 951 2910 Diu
965 2852 1073 2912 variae
1085 2855 1117 2910 et
1134 2865 1243 2930 graves

193 2966 331 3030 pugnae,
355 2957 522 3030 et·anceps
541 2950 689 3014 victoriae
719 2957 831 3013 status:
866 2950 903 3012 ad
931 2958 1133 3031 postremum,
1161 2965 1241 3028 peu·

193 3049 286 3111 dente
313 3057 443 3128 eventu,
472 3052 626 3131 utrimque
655 3052 822 3114 discessum
850 3058 905 3114 est.
950 3041 1115 3114 Sciendum
1143 3056 1243 3110 tamam

193 3158 250 3228 est,
274 3151 405 3212 maxime
422 3147 522 3232 ipsam
545 3170 614 3215 esse
636 3152 783 3233 Spartam,
797 3169 897 3235 quam
920 3159 951 3212 et
972 3150 1240 3233 Lacedaemoniam

193 3251 347 3313 civitatem
382 3251 502 3332 dicunt,
539 3262 632 3334 atque
665 3252 738 3314 indo
770 3233 1046 3329 Lacedaemonios,
1080 3251 1241 3330 Spartanos

192 3352 262 3414 dici.
306 3351 402 3433 igitur
429 3354 501 3416 inde
530 3355 668 3418 revocati
694 3353 928 3414 Lacedaemonii
955 3353 994 3415 ad
1021 3351 1241 3414 Messeniorum

181 3451 324 3530 helhum,
353 3471 392 3514 ne
421 3455 553 3517 medium
583 3461 702 3533 tempus
724 3455 856 3516 otiosutn
878 3437 1120 3516 Atheniensibus
1141 3449 1240 3510 relin-

194 3560 334 3632 querent,
350 3573 419 3616 cum
434 3554 586 3618 Thebanis
601 3556 807 3633 paciscuntur,
822 3562 857 3616 ut
871 3554 1067 3616 Boeotiorum
1083 3551 1240 3630 imperium

191 3655 236 3714 eis
258 3655 473 3730 restituerent,
503 3653 584 3734 quod
613 3654 802 3734 temporibus
828 3654 902 3716 belli
928 3655 1042 3716 Persici
1069 3653 1239 3726 amiserant,

190 3755 216 3815 si
239 3754 283 3816 iili
306 3754 540 3816 Atheniensium
563 3753 644 3816 belia
666 3755 867 3834 susciperent.
899 3755 1014 3816 Tantus
1037 3751 1123 3837 furor
1146 3751 1239 3830 Spar-

191 3860 330 3915 tanorum
353 3861 428 3928 erat,
457 3861 491 3914 ut
513 3854 632 3916 duobus
656 3854 745 3916 bellis
767 3855 916 3935 impliciti,
939 3856 1097 3934 suscipere
1121 3852 1239 3912 tertium

191 3969 253 4013 non
275 3961 464 4031 recusarent,
488 3955 651 4016 dummodo
673 3955 806 4028 inimicis
828 3957 893 4018 suis
915 3955 1019 4018 hostes
1036 3953 1239 4034 adquirerent.
