2634 4434
537 339 608 409 227

469 438 675 451 m

50 581 166 641 moveri
181 578 323 657 audeant,
346 580 396 641 vel
417 580 444 640 si
467 586 657 656 ruoveantur,
682 580 809 641 timendi
832 581 903 656 sint,
926 581 1097 661 reliquisse.

49 679 200 741 Constitui
223 697 304 741 nunc
327 687 398 743 ante
421 679 527 741 oculos
550 679 640 768 velim
670 698 859 761 exsanguem
886 679 1100 760 defectamque

49 777 191 857 Galliam,
221 788 288 860 post
315 780 382 842 illas
410 780 637 842 ardentissimas
666 778 769 842 febres
791 782 991 861 internosque
1014 775 1101 863 [410]

47 880 310 942 aestus'vitalium
334 880 459 943 meliora
483 888 650 958 torrentes,
674 888 708 941 ut
734 888 803 943 sese
831 881 956 959 babeat,
987 887 1102 961 quanta

47 982 164 1058 macie,
195 986 371 1060 quantoque
399 979 513 1059 pallore
541 983 596 1056 sit,
627 998 717 1060 quam
744 982 875 1043 demissa
902 1000 938 1043 ac
965 980 1100 1041 resoluta

46 1081 161 1159 jaceat,
194 1098 283 1160 quam
314 1080 396 1157 ipsos
428 1096 552 1158 quoque
585 1081 753 1141 necessarii
786 1079 879 1142 oflicii
912 1088 1027 1158 motus,
1060 1098 1101 1141 ne

46 1182 189 1244 eumdem
217 1182 374 1241 incursum
405 1177 550 1239 malornm
578 1185 741 1256 revocent,
764 1181 967 1259 pertimescat.
1009 1179 1103 1241 lrruit
1144 1253 1147 1259 ¹

47 1282 129 1341 enim
153 1283 183 1341 in
208 1296 274 1341 eam
298 1276 459 1355 repentino
487 1278 601 1359 impetu
623 1278 779 1341 Romanus
805 1282 976 1360 exercitus,
1003 1280 1101 1342 veluti

46 1378 215 1441 fortissimo
239 1378 358 1456 corpori
381 1376 488 1441 sortior
513 1380 595 1441 lues:
627 1398 706 1459 quae
729 1388 813 1443 tanto
834 1382 960 1462 gravius
982 1398 1100 1442 accen-

45 1480 142 1555 ditur,
166 1483 279 1556 quanto
301 1478 507 1557 impatientius
529 1480 688 1565 toleratur,
720 1481 848 1544 Sitiebat
870 1483 990 1558 misera,
1018 1499 1099 1557 cum,

45 1581 182 1640 instante
215 1577 334 1657 gladio,
368 1578 503 1656 profiteri
537 1580 732 1656 sponsionem
766 1582 923 1643 servitutis
954 1588 1101 1641 aeternae

46 1678 165 1740 avulsis
181 1679 308 1756 insuper
323 1675 480 1739 obsidibus
496 1683 667 1757 cogeretur.
706 1678 844 1757 sitiebat,
859 1688 894 1741 ut
908 1680 983 1757 dixi,
999 1687 1101 1740 notam

46 1778 129 1839 illam
157 1776 361 1856 omnibusque
384 1777 593 1840 suavissimam
616 1777 704 1838 velut
725 1796 828 1858 aquae
845 1780 966 1861 gelidae
988 1779 1101 1842 dulce-

47 1878 151 1941 dinem
178 1876 342 1939 libertatis:
373 1884 550 1959 quantoque
572 1896 642 1940 eam
662 1880 759 1959 magis
780 1880 917 1943 subtrahi
939 1880 1100 1962 intellige-

48 1978 110 2056 bat,
127 1984 210 2040 tanto
226 1978 346 2039 avidius
361 1977 562 2041 desiderabat.
599 1979 680 2042 Hinc
701 1979 752 2041 illa
775 1988 834 2043 tam
856 1980 1004 2062 frequens
1019 1998 1101 2044 con-

48 2086 94 2140 tra
116 2080 211 2139 vetita
234 2062 418 2159 praesumtio
440 2079 643 2143 invadebatur
666 2088 697 2143 et
718 2099 773 2161 pro
791 2074 984 2147 defendenda
999 2082 1098 2143 liber·

48 2184 111 2240 tate
146 2180 346 2258 inopportuna
374 2179 514 2241 libertas:
545 2187 769 2259 praereptaque
798 2180 1011 2241 insatiabiliter
1040 2198 1099 2257 po-

48 2277 150 2339 tiundi
172 2278 305 2355 licentia,
330 2279 412 2358 quod
434 2278 513 2341 rnale
531 2286 708 2358 conceptam
724 2279 891 2358 perniciem
907 2280 1101 2359 restinguere

47 2377 221 2453 videbatur,
244 2376 384 2456 angebat.
422 2377 500 2437 Hinc
521 2377 675 2438 Romanus
697 2386 768 2437 ante
790 2364 922 2457 pugnam
944 2380 1104 2439 insidiator

49 2478 200 2559 argutior,
222 2474 294 2536 binc
317 2476 348 2533 in
371 2492 474 2554 pugna
496 2476 591 2535 hostis
614 2474 765 2549 inlestior,
787 2475 859 2535 binc
881 2482 948 2553 post
970 2494 1102 2555 pugnam

48 2578 151 2639 victor
169 2573 338 2649 immitior,
367 2572 438 2634 binc
468 2573 568 2633 omnia
601 2573 639 2635 ad
673 2573 863 2659 domandam
885 2574 1102 2653 impatientiam

49 2672 285 2752 crudescentia,
306 2671 458 2754 hincjam
481 2689 539 2734 nec
560 2673 706 2735 remediis
728 2674 926 2735 credebatur:
950 2676 1053 2754 itaque
1076 2677 1103 2737 si

50 2778 243 2853 interrogare
266 2790 385 2851 possem
409 2771 497 2849 hanc,
520 2773 558 2835 de
574 2792 635 2852 qua
649 2774 805 2853 loquimur
819 2776 989 2835 nationem:
1014 2771 1102 2855 [411]

51 2875 133 2949 Quid
156 2873 246 2948 tunc,
270 2890 337 2934 cum
361 2872 437 2934 baec
459 2874 523 2953 ipsa
545 2874 732 2951 sustinebat,
760 2875 799 2936 de
827 2874 887 2935 illis
916 2874 1104 2953 temporibus

47 2974 204 3053 judicarit,
226 2971 437 3051 responderet,
460 2980 493 3033 ut
515 2973 655 3053 arbitror,
678 2975 799 3036 dicens:
826 2973 877 3037 Sic
898 2992 947 3036 me
962 2974 1013 3036 illa
1029 2982 1103 3036 tunc

51 3072 148 3135 febris
170 3089 357 3153 exsanguem
379 3071 512 3133 reddidit
533 3090 568 3133 ac
589 3072 730 3153 frigidam
750 3073 834 3149 fecit,
858 3082 892 3135 ut
909 3076 998 3135 etiam
1014 3075 1102 3151 baec,

54 3191 133 3251 quae
156 3189 261 3233 omnes
283 3190 381 3251 paene
404 3170 596 3251 perstrinxit,
622 3169 815 3233 fervefacere
837 3172 888 3232 vel
910 3188 1103 3233 commovere

53 3272 244 3351 nequiverit:
274 3279 365 3352 atque
388 3272 429 3332 ita
452 3288 500 3331 me
522 3269 649 3333 Romani
671 3261 909 3347 inclinaverunt,
932 3278 966 3332 ut
987 3289 1045 3333 nee
1066 3272 1104 3333 ad

55 3370 169 3433 Gothos
186 3390 326 3453 surgam.
371 3369 432 3433 Sed
460 3387 500 3431 ne
527 3371 592 3449 ipsa
619 3370 743 3451 quidem
765 3369 859 3431 Roma
881 3371 999 3449 clades,
1029 3390 1104 3452 quas

55 3470 172 3549 intulit,
195 3473 329 3532 evitavit.
373 3470 534 3531 Exercitae
557 3476 650 3549 atque
673 3472 725 3532 diu
747 3478 833 3533 actae
855 3479 926 3533 sunt
948 3491 1003 3553 per
1024 3480 1105 3533 totos

56 3566 160 3631 mubdi
182 3571 322 3631 cardines
344 3570 498 3649 potentiae
521 3570 642 3649 ducum,
665 3572 810 3651 viresque
828 3571 1000 3653 legionum:
1025 3588 1104 3648 quae

58 3668 86 3727 in
103 3685 172 3730 sese
188 3677 418 3746 concurrentes
442 3672 508 3750 ejus
531 3669 640 3731 damno
662 3672 833 3747 vincerent,
856 3672 945 3750 cujus
967 3668 1104 3747 periculo

57 3768 263 3832 vincerentur.
305 3768 379 3831 Nam
401 3769 548 3831 victorem
577 3769 737 3831 Caesarem
767 3772 804 3831 de
827 3769 923 3829 Gallia
944 3783 1104 3825 reversum

58 3868 158 3929 civilia
180 3867 259 3931 bella
283 3870 423 3931 comitata
445 3876 526 3949 sunt,
548 3869 669 3948 aliaque
691 3868 870 3948 gravissima
891 3864 980 3940 mala,
1002 3864 1102 3927 inter·
1182 3901 1184 3905 -

58 3964 129 4029 secti
144 3968 224 4048 apud
236 3967 359 4030 Parthos
372 3968 473 4031 Crassi
488 3974 520 4028 et
534 3966 677 4028 trucidati
692 3965 846 4027 exercitus
861 3972 1104 4053 praecesserunt.
