2634 4434
513 326 583 395 185

32 558 145 620 neribus
167 576 327 640 corporum
355 558 451 623 lluxit.
495 560 657 623 Praeterea
685 578 742 641 per
765 568 883 641 septem
911 564 1073 628 continuos
1182 569 1184 572 ’

32 658 87 719 dies
112 661 227 740 grando
255 660 404 740 lapidum,
432 662 578 724 immixtis
607 663 700 725 ctiam
722 668 867 724 testarum
890 662 1071 745 fragmentis

31 765 127 821 terram
151 760 298 823 latissime
321 763 504 826 verberavit.
540 763 575 826 ln
591 761 779 827 Samnitibus
800 764 973 826 vastissimo
987 761 1074 823 biatu

29 866 118 921 terrae
151 861 269 923 llamma
300 865 437 943 prorupit
466 870 497 925 et
525 881 624 945 usque
655 865 688 925 in
716 864 836 925 coelum
859 862 986 926 extendi
1007 863 1074 924 visa

29 966 75 1021 est.
112 962 291 1041 Complures
312 971 472 1043 praeterea
494 966 526 1027 in
549 966 662 1028 itinere
684 965 791 1027 videre
803 964 932 1026 Romani
946 963 1074 1045 globum

28 1060 128 1123 coloris
150 1066 237 1129 aurei
261 1064 348 1127 coelo
371 1054 408 1127 ad
432 1072 543 1127 terram
567 1065 701 1143 devolvi,
724 1068 933 1145 majoremque
959 1063 1073 1126 iactum
1189 1096 1205 1111 ··

26 1178 122 1223 rursus
150 1183 167 1225 a
195 1172 276 1227 terra
303 1166 336 1227 in
365 1165 497 1227 sublime
525 1167 562 1227 ad
590 1164 749 1229 Orientem
781 1166 878 1228 solem
912 1163 1005 1243 ferri,
1036 1182 1074 1225 ac

27 1264 227 1342 magnitudine
261 1282 317 1327 sua
351 1266 449 1345 ipsum
483 1266 580 1329 solem
614 1266 778 1329 obtexisse.
829 1265 948 1327 Drusus
982 1265 1073 1326 tantis

26 1362 101 1425 nulls
139 1366 250 1427 anxius
285 1366 366 1428 domi
399 1384 474 1429 suae
506 1368 625 1430 incerto
658 1351 782 1447 quidem
810 1373 936 1430 auctore
969 1367 1072 1427 inter-

25 1461 115 1525 iectus
140 1471 195 1527 est.
240 1465 336 1546 lgitur
357 1468 513 1546 Picentes,
536 1468 672 1545 Vestini,
694 1466 801 1545 Marsi,
830 1467 960 1549 Peligni,
983 1461 1071 1547 [3361

24 1562 200 1640 Marrucini,
225 1564 392 1644 SamniteS,
413 1567 546 1645 Lucani,
577 1588 645 1630 cunr
674 1568 774 1629 adhuc
801 1567 951 1628 occultam
978 1564 1071 1627 dele·

25 1666 150 1727 ctionem
175 1666 406 1746 meditarentur,
431 1665 462 1729 G.
487 1666 650 1730 Servilium
672 1674 855 1747 praetorem,
877 1666 1012 1745 legatum
1034 1664 1073 1725 ad

24 1783 51 1827 se
83 1767 225 1843 missum,
260 1767 340 1845 apud
367 1766 514 1829 Asculum
549 1767 744 1844 occiderunt,
777 1766 942 1844 statimque
970 1762 1074 1825 clausa

25 1868 140 1929 civitate
170 1884 277 1929 omnes
306 1868 390 1929 cives
419 1867 571 1930 Romanos
593 1867 707 1930 indicta
730 1867 826 1929 caede
846 1865 1073 1948 jugulaverunt

26 1966 170 2029 Continuo
197 1968 415 2030 atrocissimam
443 1970 612 2048 perniciem
645 1966 844 2029 infamissima
874 1981 1073 2047 praecessere

24 2069 161 2149 prodigia.
203 2068 340 2149 Namque
363 2070 498 2131 omniurn
520 2086 670 2149 generum
693 2068 846 2145 animalia,
870 2086 949 2147 quae
964 2081 1073 2128 manus

23 2165 171 2231 bominuur
195 2169 306 2230 blande
329 2171 456 2250 perpeti,
480 2177 573 2249 atquo
595 2170 678 2231 inter
699 2168 839 2231 homines
860 2170 967 2231 vivere
983 2166 1073 2227 solita

24 2276 112 2347 crant,
134 2269 252 2332 relictis
275 2270 401 2333 stabulis
424 2273 607 2351 pascuisque
623 2287 692 2331 cum
708 2269 821 2345 balatu,
842 2269 974 2343 hinnitu,
997 2283 1071 2325 mu·

24 2370 144 2450 gituque
174 2371 339 2433 miserabili
371 2372 408 2433 ad
436 2372 537 2451 sylvas
565 2377 747 2449 montesque
774 2368 929 2449 ingerunt.
974 2365 1073 2427 Canes

25 2487 152 2551 quoque,
178 2490 306 2551 quorum
330 2480 457 2534 naturae
480 2478 527 2532 est
549 2477 635 2531 extra
651 2469 792 2529 homines
807 2484 876 2529 esse
892 2484 954 2525 non
969 2481 1071 2543 posse,

24 2569 187 2635 lacrimosis
210 2574 378 2635 ululatibus
400 2572 471 2653 vagi
493 2570 633 2649 luporum
656 2568 718 2629 ritu
745 2567 934 2629 oberrarunt.
978 2563 1075 2645 lgitur

26 2669 72 2733 Cn.
94 2673 256 2755 Pompejus
278 2682 401 2755 praetor
423 2692 491 2735 cum
507 2669 683 2732 Picentibus
700 2670 790 2750 Jussu
812 2673 937 2729 senatus
958 2663 1074 2725 bellurn

24 2776 114 2851 gessit
136 2782 169 2836 et
190 2777 290 2838 victus
314 2783 376 2852 est,
399 2780 557 2855 postquam
581 2770 640 2833 sibi
664 2770 815 2833 Samnites
837 2768 960 2846 Papium
976 2764 1073 2824 bluti-

25 2871 80 2935 lum
98 2875 315 2957 imperatorem
337 2875 558 2956 praefecerant,
582 2872 673 2935 Marsi
689 2877 791 2932 autem
811 2867 1074 2949 Agamemnonem

26 2975 233 3056 archipiratam
272 2982 532 3057 praeoptaverant.
590 2974 692 3035 Julius
729 2970 857 3047 Caesar,
894 2965 1074 3031 Samnitium

26 3092 122 3157 pugna
148 3079 249 3139 victus
284 3094 376 3139 caeso
403 3076 483 3155 fugit
510 3074 657 3136 exercitu.
701 3071 834 3133 Rutilius
863 3066 977 3131 Consul
1004 3065 1074 3127 bla-

27 3177 98 3238 rium
122 3180 351 3259 proquinquum
373 3195 462 3241 suum
485 3174 619 3255 legatum
643 3171 703 3233 sibi
724 3170 815 3250 legit:
840 3186 930 3248 quem
952 3164 1076 3226 assidue

28 3279 273 3357 submonentem,
302 3296 415 3341 rnoram
444 3276 527 3339 bello
545 3272 662 3337 ¹utilem
695 3270 762 3332 iore
795 3275 827 3331 et
858 3265 1013 3347 paulisper
1043 3265 1077 3327 in

29 3381 129 3442 castris
158 3380 299 3443 exerceri
327 3380 453 3447 militem
483 3384 626 3459 oportere
655 3375 804 3448 tironem,
838 3368 909 3431 dolo
941 3366 972 3429 id
1006 3385 1076 3429 eum

30 3497 116 3560 agere
150 3488 234 3543 ratus
267 3481 446 3556 contemsit,
475 3495 607 3559 seseque
636 3478 668 3538 in
696 3472 822 3536 insidias
849 3469 1017 3531 Marsorum
1047 3476 1079 3530 et

30 3582 202 3643 universum
237 3599 348 3663 agmen
382 3580 537 3641 exercitus
570 3578 619 3639 sui
646 3580 788 3639 incautus
817 3572 938 3651 injecit,
966 3570 1020 3629 ubi
1047 3574 1079 3627 et

31 3680 91 3759 ipse
118 3681 227 3744 consul
255 3682 392 3757 occisus,
423 3686 455 3741 et
484 3677 572 3739 multi
605 3677 725 3740 nobiles
758 3672 913 3735 interfecti
945 3671 1079 3730 ct-octo

32 3781 120 3845 millia
142 3778 346 3846 Romanorum
370 3796 458 3843 caesa
485 3785 565 3841 sunt.
609 3779 703 3840 Arma
730 3782 762 3837 et
788 3788 915 3849 corpora
944 3762 1078 3827 interie-

33 3888 145 3945 ctorum
168 3885 200 3945 iu
224 3889 420 3963 conspectum
436 3879 523 3943 llllarii
545 3880 639 3959 legati
654 3876 788 3938 Tolenus
810 3869 921 3929 lluvius
945 3862 1079 3942 pertulit,

33 3991 121 4067 atque
150 3986 182 4049 in
212 3984 419 4048 testimonium
449 3979 544 4042 clodis
571 3978 685 4041 evexit
728 3970 842 4032 Marius
868 3964 962 4045 raptis
990 3960 1079 4037 [337]
