2634 4434
687 372 761 439 228

620 472 827 483 —-.—..-......

200 654 288 732 [arn
534 618 732 758 Caput
782 616 962 728 xlta·

186 837 188 841 ’
218 840 275 907 Dc
296 837 420 907 Orneai
440 840 603 924 avaritie,
629 840 736 905 rebor
756 843 877 906 contra
900 836 1049 905 Parthas
1067 839 1182 923 pertis
1204 846 1240 905 et

647 943 798 1009 interita.

282 1112 374 1174 Anno
401 1111 438 1173 ab
465 1110 547 1173 Urbe
575 1113 698 1174 condita
726 1110 894 1173 DCXCVll.
939 1109 1082 1187 Crassus,
1110 1112 1142 1171 in
1171 1128 1259 1171 con-

79 1207 81 1211 ’
198 1213 298 1277 sulatu
314 1209 432 1293 collega
447 1211 580 1291 Pompei,
603 1210 791 1292 provinciam
813 1212 939 1273 sortitus
955 1211 986 1270 in
1002 1208 1137 1285 Parthos,
1161 1210 1261 1272 homo

198 1312 393 1393 inexplebilis
416 1310 600 1389 cupiditatis,
623 1312 726 1372 audita
749 1314 780 1372 in
798 1310 1017 1390 Hierosolymis
1040 1310 1144 1389 templi
1169 1328 1259 1390 cpu-

198 1415 303 1488 lentia,
327 1430 417 1491 quam
440 1411 601 1491 Pompeius
624 1413 766 1473 intactam
789 1412 967 1491 reliquerat,
996 1412 1027 1471 in
1050 1410 1258 1471 Palaestinam

198 1513 332 1592 divertit,
348 1511 587 1592 Hierosolymam
604 1513 677 1589 adit,
701 1512 845 1592 templum
868 1511 1017 1591 pervadit,
1040 1527 1115 1589 opes
1137 1512 1256 1591 diripit.

197 1612 272 1672 inde
302 1630 357 1690 per
384 1610 630 1691 Mesopotamiam
661 1614 792 1675 tendens
821 1614 853 1674 in
883 1610 1031 1672 Parthiam
1064 1629 1259 1690 quacunque

78 1706 79 1709 '
199 1715 257 1774 iter
279 1712 394 1788 hahuit,
418 1714 511 1777 scails
532 1714 707 1777 civitatibus
728 1714 842 1775 auxilia
865 1712 985 1787 indixit,
1007 1712 1104 1791 pretia
1134 1712 1257 1791 exegit,

198 1830 331 1892 moxque
353 1820 387 1874 ut
408 1812 591 1892 Euphratem
615 1816 748 1891 transiit,
771 1815 843 1875 ilico
864 1813 1032 1894 Vagesem,
1054 1811 1190 1893 legatum
1211 1813 1259 1873 ab

198 1913 300 1974 Orode
315 1930 390 1993 rege
405 1912 580 1974 Parthorum
604 1916 640 1975 ad
663 1930 698 1977 se
720 1916 856 1992 missum,
879 1914 1003 1975 obvium
1019 1910 1135 1990 hahuit,
1154 1930 1173 1973 a
1189 1931 1258 1993 quo

197 2013 398 2073 vehementer
425 2014 593 2092 increpitus
622 2022 684 2091 est,
713 2016 794 2094 quod
817 2022 922 2076 eontra
944 2013 1054 2076 foedus
1075 2012 1197 2075 Luculli
1219 2022 1258 2075 et

198 2113 319 2191 Pompei
353 2113 479 2174 avaritia
514 2112 656 2176 inductus
684 2113 869 2194 Euphratem
902 2115 1065 2177 transierit.
1109 2114 1257 2187 Quamo-

198 2215 283 2275 brem
306 2216 373 2275 sine
397 2229 479 2273 mora
502 2212 648 2291 futurum,
673 2222 706 2276 ut
729 2231 782 2294 pro
801 2232 876 2275 auro
891 2215 1029 2277 Parthico
1046 2214 1151 2276 Serico
1167 2213 1259 2275 ferro

198 2322 387 2374 oneraretur.
425 2314 531 2393 ltaque
554 2334 622 2376 eum
646 2333 740 2395 prope
757 2315 863 2377 Carras
885 2323 1010 2398 ventum
1034 2322 1126 2389 esset,
1147 2314 1258 2375 Parthi

198 2408 283 2495 [413]
307 2414 408 2475 suhito
436 2416 616 2496 ingruentes
644 2434 712 2476 cum
743 2414 861 2477 Surena
888 2423 920 2477 et
948 2416 1058 2478 Sillace
1085 2413 1257 2494 praefectis

197 2512 315 2594 sagittis
343 2531 523 2595 oppressere
550 2515 711 2579 Romanos.
756 2516 904 2578 Cecidere
931 2516 974 2577 ibi
1004 2515 1124 2595 plurimi
1150 2531 1256 2575 sena-

198 2622 297 2689 tores,
326 2615 444 2691 aliquot
471 2617 562 2675 etiam
591 2616 769 2677 consulares
792 2616 989 2696 et'praetorii
1010 2614 1077 2677 viri.
1121 2614 1255 2675 Crassus

90 2798 93 2803 ,
198 2730 322 2793 quoque
345 2713 425 2775 fitius
442 2714 552 2793 Crassi,
575 2715 759 2778 lectissimus
769 2717 908 2799 juvenis,
928 2717 961 2777 in
976 2716 1043 2777 acie
1058 2717 1178 2777 occisus
1193 2722 1254 2778 est.

196 2814 357 2877 Praeterea
380 2820 512 2894 quatuor
533 2814 675 2877 cohortes
697 2834 765 2877 cum
788 2816 976 2898 vargunteio
999 2816 1116 2896 legato,
1139 2814 1254 2877 mediis

197 2912 408 2994 deprehensae
440 2916 554 2991 eampis
588 2920 620 2974 et
651 2914 832 2977 interiectae
865 2923 945 2979 sunt.
996 2915 1130 2979 Surenas
1161 2921 1252 2995 rapto

197 3015 335 3091 equitatu
352 3012 491 3072 Crassum
512 3014 657 3093 persequi
678 3014 824 3077 intendit:
848 3034 982 3096 eumque
1005 3016 1252 3105 circumventum

196 3130 232 3175 ac
258 3110 369 3174 frustra
396 3110 583 3192 colloquium
618 3116 685 3197 ejus
719 3122 874 3196 petentem
907 3114 1079 3191 interfecit,
1108 3117 1252 3193 quamvis

196 3214 300 3275 vivum
330 3211 452 3275 auferre
481 3211 645 3277 maluisset.
689 3216 780 3279 Pauci
808 3217 907 3278 noetis
941 3214 1094 3277 beneficio
1127 3215 1251 3277 liberati

197 3314 303 3375 Carras
336 3312 549 3394 confugerunt.
600 3313 728 3395 Cognita
761 3315 848 3377 clade
879 3316 1100 3390 Romanorum,
1134 3314 1253 3375 multae

196 3412 331 3473 Orientis
353 3413 530 3490 provinciae
552 3430 569 3473 a
591 3415 739 3476 societate
760 3415 812 3475 rel
834 3414 894 3476 fide
916 3403 1021 3495 populi
1035 3414 1166 3475 Romani
1189 3414 1250 3475 de-

195 3513 352 3587 fecissent,
367 3510 400 3570 ni
412 3509 544 3588 Cassius,
568 3514 705 3575 collectis
728 3512 863 3597 exsuge
885 3514 1032 3576 militibus
1053 3514 1171 3593 paucis,
1195 3515 1252 3574 in-

195 3616 416 3673 tumescentem
440 3610 557 3691 Syriam
581 3615 707 3694 egregia
728 3616 822 3675 animi
844 3616 959 3676 virtute
980 3632 1016 3675 ac
1038 3613 1253 3674 moderatione

195 3712 370 3790 pressisset:
393 3712 447 3789 qui
463 3718 494 3772 et
509 3711 694 3773 Antiochum
711 3716 876 3794 copiasque
891 3713 959 3793 eJus
973 3715 1117 3794 ingentes
1133 3712 1251 3792 praelio

195 3810 268 3870 vicit
297 3816 328 3870 ct
355 3809 527 3871 interiecit:
562 3810 686 3871 Parthos
715 3827 839 3890 quoque
868 3813 906 3874 ah
936 3812 1038 3875 Orode
1067 3814 1100 3873 in
1130 3812 1250 3893 Syriam

195 3907 313 3982 missos,
332 3910 457 3987 Jamque
473 3910 628 3987 ingressos
643 3907 849 3991 Antiochiam,
865 3911 946 3973 hello
962 3912 1091 3993 expulit,
1114 3913 1249 3975 ducem-

196 4018 257 4077 que
280 4018 385 4063 eorum
408 4004 528 4067 Osaoen
550 4004 714 4069 interfecit.
783 4042 788 4049 ·
