2634 4434
547 322 622 393 315

480 427 688 438 -η--ι--ι

48 561 239 624 Christianis
261 558 433 640 periculosa
456 559 608 639 conlusio,
629 577 701 622 cum
720 566 751 622 et
765 558 797 622 hi
813 566 1003 642 terrerentur
1017 577 1111 641 prae-

42 663 174 745 judicio
196 668 229 723 ει
250 660 296 723 illi
317 659 571 724 confirmarentur
592 661 742 741 exemplo.
788 659 992 735 Quamobrem
1010 662 1119 742 justus.

49 765 253 844 dispensator
273 761 398 829 humani
427 764 552 844 generis
574 763 658 824 Deus
686 763 787 842 perire
816 780 965 843 paganum
995 761 1113 824 bostem

49 848 173 940 uoluit,
197 870 229 926 et
251 863 454 925 Christianum
478 863 656 944 praevalere
678 864 831 943 permisit,
854 871 888 924 ut
909 865 1019 944 pagani
1041 863 1113 924 hla-

52 965 320 1045 sphemantesquc
341 962 485 1044 Romani,
511 971 542 1024 et
563 964 617 1024 illo
639 947 904 1026 confunderemur
925 963 1060 1044 perdito,
1084 969 1116 1024 et

50 1066 119 1128 hoo
140 1066 324 1145 puniremur
345 1065 496 1126 immisso:
526 1065 658 1125 maxime
681 1083 749 1126 cum
773 1065 966 1144 Imperatoris
988 1063 1116 1125 Honorii

52 1165 237 1230 admiranda
264 1166 296 1228 in
323 1181 400 1244 rega
427 1165 633 1243 continentia,
667 1173 699 1228 et
730 1167 920 1228 sanctissima
949 1163 1025 1226 bdes
1053 1181 1142 1226 non·

54 1284 168 1348 parum
191 1267 322 1328 divinae
339 1265 567 1326 misericordiae
590 1274 769 1329 mereretur.
807 1267 1025 1328 conceduntur
1040 1266 1115 1345 qui-

57 1368 132 1430 dem
165 1367 312 1429 adversus
340 1365 591 1427 immanissimum
627 1367 713 1429 illum
747 1368 865 1429 hostem
894 1367 1117 1448 Rhadagaisum

56 1469 192 1532 aliorum
208 1469 339 1529 hostium
356 1484 426 1529 cum
447 1467 543 1546 copiis
559 1469 625 1529 suis
642 1469 780 1530 inclinati
797 1468 835 1529 ad
852 1451 998 1530 auxilium
1014 1467 1117 1529 animi.

58 1570 186 1632 Adsunt
200 1569 289 1630 Uldin
306 1577 337 1630 et
353 1569 457 1643 Surus,
472 1565 653 1628 Hunnorum
670 1575 700 1630 ει
716 1567 881 1629 Gothorum
895 1569 1004 1645 duces,
1022 1586 1116 1647 prae-

45 1671 144 1754 sidio
166 1670 386 1730 Rornanorum:
410 1668 464 1730 sed
488 1685 549 1728 non
571 1670 645 1730 sinit
660 1669 743 1730 Deus
766 1687 830 1730 rem
854 1671 1009 1748 potentiae
1032 1685 1117 1744 snae,

60 1773 211 1833 virtutem
233 1769 389 1831 hominum
406 1777 438 1830 et
460 1771 591 1830 maxime
612 1769 745 1830 hostiurn
768 1769 873 1830 videri.
913 1769 1117 1830 Conterritum

63 1872 214 1934 divinitus
229 1870 451 1951 Rhadagai'sum
475 1872 505 1931 in
521 1868 706 1930 Faesulanus
729 1877 848 1932 montes
871 1871 966 1951 cogit:
989 1871 1118 1950 ejusque

64 1971 248 2053 (secundom
271 1990 336 2049 eos,
360 1971 412 2051 qui
435 1972 611 2050 parcissime
633 1969 784 2052 referunt)
801 1971 931 2032 ducenta
948 1969 1041 2035 millu
1056 1969 1118 2031 bo-

64 2074 184 2135 minum
207 2073 331 2152 inopum
355 2072 476 2134 consilii
499 2080 530 2134 et
557 2071 634 2150 cibi,
662 2073 693 2134 in
716 2073 802 2134 arido
825 2079 856 2135 el
877 2089 985 2153 aspero
1009 2072 1120 2134 montis
1212 2109 1215 2112 ,

59 2175 158 2256 jugo,
186 2179 318 2254 urgente
340 2173 479 2251 undique
500 2176 610 2233 timore
632 2173 803 2234 concludit:
827 2175 1011 2252 agminaque
1034 2167 1120 2251 [570]

65 2275 181 2355 quibus
196 2274 309 2335 dudum
326 2279 454 2352 angusta
469 2273 632 2353 videbatur
647 2270 741 2348 ltalia,
764 2272 879 2332 latendi
901 2290 955 2350 spe
978 2273 1009 2332 in
1026 2288 1120 2332 unum

64 2395 105 2438 ao
127 2392 254 2456 pnrvum
277 2375 425 2434 verticem
448 2373 549 2432 trudit.
594 2371 676 2444 Quid
698 2371 801 2432 nrultis
824 2369 946 2435 morer‘l
978 2371 1045 2432 Non
1069 2371 1121 2432 di-

64 2477 183 2556 sposita
206 2477 238 2535 in
261 2473 375 2532 bellum
404 2474 488 2534 acics
517 2470 592 2548 luit,
620 2489 683 2532 non
714 2470 799 2533 luror
827 2473 978 2551 timorque
1006 2473 1123 2558 incerta

64 2593 192 2658 pugnae
214 2573 368 2653 praetulit,
391 2589 452 2632 non
476 2573 587 2634 caedes
608 2579 686 2649 acta,
709 2589 771 2633 non
793 2573 918 2653 sanguis
934 2571 1050 2634 ellusus
1066 2579 1122 2649 est,

64 2693 133 2737 non
156 2679 311 2752 postremo
334 2671 428 2753 (quod
451 2671 606 2736 felicitatis
633 2674 702 2735 loco
730 2674 869 2753 deputari
896 2673 987 2749 solet)
1015 2673 1123 2736 damna

65 2791 193 2856 pugnae
209 2779 323 2834 eventu
345 2779 539 2853 compensata
560 2776 724 2849 victoriae3
749 2773 923 2850 edentibus,
947 2774 1123 2836 bibentibus

67 2874 312 2954 ludentibusque
339 2876 469 2951 nostris,
498 2875 574 2936 tanti
596 2875 641 2936 illi
671 2883 795 2956 tamque
829 2876 976 2937 immanes
1010 2875 1123 2955 hostes,

70 2976 245 3038 esurientes
259 2980 291 3036 et
312 2959 452 3036 sitientes
474 2973 722 3061 languentesque
745 2967 878 3039 conlecti
900 2983 979 3040 sunt.
1016 2977 1124 3038 Parum

69 3076 131 3136 boc
156 3082 219 3151 est,
247 3075 306 3135 nisi
337 3082 457 3152 captum
483 3081 516 3136 et
543 3081 716 3136 catenatum
740 3094 776 3137 ac
797 3077 992 3156 subjugatum
1016 3081 1124 3156 sciant,

72 3193 164 3256 quem
184 3177 323 3243 timuere
350 3173 494 3235 Romani:
523 3174 673 3254 iliumque
696 3174 886 3236 idololatram
909 3193 1013 3253 suum,
1037 3177 1125 3256 cujus

72 3274 220 3338 sacrificia
234 3276 397 3356 xsemagis
419 3275 638 3354 pertimescere
662 3293 753 3354 quam
775 3293 856 3336 arma
872 3274 1037 3356 lingebant,
1058 3280 1126 3342 sine
1164 3332 1166 3337 .
1223 3314 1226 3321 ·

72 3376 189 3456 praelio
219 3377 333 3436 victum
356 3394 392 3436 ao
413 3376 549 3436 vinctum
571 3374 629 3436 sub
651 3375 724 3456 iugo
747 3375 926 3456 catenisque
949 3378 1125 3458 despiciant.

23 3541 28 3545 ,
72 3476 171 3558 Igitur
197 3495 254 3537 rex
280 3475 503 3556 Rhadagaisus‚
532 3474 617 3549 solus
643 3492 728 3554 spem
752 3475 848 3556 ¹fugae
875 3496 1014 3558 sumens,
1031 3481 1126 3542 ‘clam
1170 3495 1174 3502 ’

74 3594 146 3640 suos
169 3577 323 3653 deseruit,
345 3584 438 3655 atque
466 3573 507 3638 in'
524 3583 644 3638 nostros
672 3576 796 3654 incidit,
825 3596 842 3639 a
870 3579 981 3659 quibus
1010 3588 1126 3660 captus,
1186 3587 1192 3598 “
1251 3612 1254 3624 ·

75 3696 111 3739 ac
132 3676 287 3757 paulisper
308 3684 463 3753 retentus,
493 3677 605 3740 deinde
634 3677 816 3741 interiectus
839 3686 892 3743 est.
936 3680 1029 3741 Tanta
1051 3700 1127 3744 vero

75 3778 237 3839 multitudo
260 3779 448 3859 captivorum
472 3777 638 3842 Gothorum
662 3777 758 3842 luisse
786 3778 899 3857 fertur,
927 3787 978 3857 ut,
1006 3781 1126 3874 vilissi-

77 3895 193 3940 marum
214 3879 367 3958 pecudum
390 3879 495 3958 modo,
521 3880 653 3962 singulis
674 3880 777 3943 aurcis
799 3881 909 3959 passim
931 3885 1043 3962 greges
1065 3882 1126 3943 ho-

76 3979 191 4042 minum
222 3978 438 4042 venderentur.
484 3978 545 4042 Sed
567 3980 644 4042 nibil
665 3996 829 4060 superesse
851 3981 935 4044 Deus
958 3981 996 4044 de
1019 3982 1127 4046 eodem
