2634 4434
493 341 702 450 Q

73 575 167 656 genia
196 573 328 637 Eumeni
361 575 446 650 data3
481 592 599 638 summa
624 583 795 639 castrorum
824 578 956 642 Seleuco
985 580 1130 645 Antiochi

73 674 138 737 lilio
159 676 252 737 cessit
257 693 266 750 ;
289 675 488 755 stipatoribus
502 675 586 757 regis
600 675 849 758 satellitibusque
865 679 1035 742 Cassander
1049 681 1129 744 tilius

72 762 226 858 Antipatri
246 774 428 855 praeficitur.
465 774 499 837 ln
514 775 674 838 Bactriana
690 777 837 840 ulteriore
852 786 885 841 et
899 778 1004 843 Indiae
1019 782 1128 862 regio-

72 877 165 937 nibus
187 874 335 956 praelecti
357 877 486 955 priores,
509 878 563 956 qui
584 878 643 940 sub
659 876 836 941 Alexandro
859 897 928 943 esse
951 887 1129 964 coeperant,

71 980 314 1053 permanserunt.
353 975 453 1052 Seras,
476 977 557 1038 inter
572 978 649 1040 duos
665 995 770 1040 amnes
785 979 958 1060 Hydaspem
973 989 1005 1044 et
1019 980 1129 1044 lndum

69 1077 271 1152 constitutos,
294 1075 416 1137 Taxiles
438 1076 553 1140 habuit
596 1077 631 1138 ln
654 1077 791 1140 colonias
819 1081 850 1141 in
878 1079 961 1144 ludis
990 1082 1129 1144 conditas

68 1175 179 1236 Pithon
202 1174 356 1257 Agenoris
377 1175 459 1238 lilius
481 1177 618 1239 mittitur.
656 1177 877 1257 Parapamencs
899 1179 976 1242 lines
1000 1180 1128 1242 Caucasi

66 1278 182 1337 montis
215 1275 367 1357 Oxyartes
399 1279 525 1357 accepit.
569 1276 730 1340 Arachosii
759 1277 963 1361 Gedrosiique
991 1279 1127 1360 Sibyrtio

64 1376 288 1438 decernuntur.
326 1378 463 1459 Drangas
478 1386 511 1440 et
525 1381 624 1440 Areos
640 1379 795 1454 Stasanor,
812 1379 988 1444 Bactrianos
1001 1380 1125 1460 Amyn·-

65 1482 111 1536 tas
142 1477 287 1553 sortitur,
314 1477 482 1558 Sogdianos
511 1478 697 1559 scythaeus,
719 1479 854 1543 Nicanor
873 1481 1009 1558 Parthos,
1032 1477 1124 1556 [203]

14 1557 19 1570 ’
63 1575 226 1652 Philippus
253 1575 437 1654 llyrcanios,
464 1578 706 1657 Phrataphernes
728 1579 908 1659 Armenios,
931 1582 1125 1661 Tlepolemus
1202 1568 1204 1574 ¹

62 1676 190 1750 Persas,
214 1674 379 1737 Peucestes
401 1676 601 1757 Babylonios,
623 1678 749 1740 Archon
770 1679 929 1760 Pelasgos,
954 1673 1125 1742 Archelaus

64 1774 315 1854 Mesopotamiam
337 1775 441 1855 adepti
461 1785 542 1841 sunt
577 1777 675 1860 lgitur
696 1795 787 1840 causa
810 1785 842 1840 et
864 1779 951 1860 origo
974 1771 1125 1842 bellorum

63 1874 195 1954 epistola
208 1874 377 1936 Alexandri
392 1877 476 1955 regis
492 1875 560 1955 luit,
575 1894 636 1957 qua
647 1879 742 1958 jussit
754 1895 859 1948 omncs
871 1879 996 1942 exsules
1009 1881 1124 1958 patriae

64 1975 265 2055 libertatique
276 1975 405 2038 restitui.
428 1975 571 2040 Potentes
582 1979 665 2040 enim
680 1979 835 2040 civitatum
849 1978 996 2041 Graeciae
1009 1981 1123 2042 timen-

64 2083 127 2153 teS,
152 2093 193 2136 ne
214 2075 339 2136 exsules
360 2084 484 2156 recepta
506 2079 648 2141 libertate
670 2079 819 2142 ultionem
843 2081 1077 2158 meditarentur,
1104 2099 1123 2142 a

65 2193 165 2256 regno
181 2175 381 2237 Macedonum
397 2177 587 2243 deiecerunt.
623 2181 716 2241 Primi
731 2178 949 2258 Athenienses,
965 2187 1122 2242 contracto

64 2278 191 2357 triginta
214 2277 341 2337 millium
364 2280 502 2340 exercitu
525 2288 557 2343 et
578 2267 720 2341 ducentis
742 2279 888 2358 navibus,
913 2279 1029 2342 bellum
1050 2297 1121 2342 cum

64 2377 242 2456 Antipatro,
265 2379 317 2439 cui
338 2376 466 2441 Graecia
489 2387 571 2442 sorte
599 2379 786 2456 obvenerat,
814 2387 943 2460 gerunt:
972 2398 1028 2459 per
1049 2380 1118 2441 De·

64 2477 256 2539 mosthenem
279 2496 404 2559 quoque
427 2487 577 2541 oratorem
600 2479 744 2558 Sicyone,
766 2478 867 2558 Argos
889 2486 920 2539 et
941 2478 1120 2540 Corinthum

64 2585 267 2658 caeterasque
283 2579 424 2639 civitates
438 2578 498 2639 sibi
518 2579 617 2640 socias
639 2576 820 2658 adjungunt,
842 2577 1035 2656 Antipatrum
1058 2577 1119 2640 ob-

63 2679 187 2738 sidione
208 2681 345 2759 cingunt.
389 2678 435 2739 lbi
457 2678 520 2740 dux
542 2695 649 2740 eorum
671 2675 861 2740 Leosthenes
889 2678 951 2740 telo
978 2698 996 2740 c
1025 2680 1120 2742 muris

61 2778 146 2856 jacto
167 2778 334 2857 perfossus,
357 2780 514 2841 occiditur.
551 2777 759 2839 Athenienses
780 2777 948 2856 Leonnato,
972 2781 1026 2858 qui
1047 2779 1119 2842 An-

40 2880 176 2965 „tipatro
202 2880 350 2940 auxilium
377 2879 511 2956 larebat,
539 2885 720 2956 occurrunt,
749 2881 879 2960 ejusque
906 2879 1002 2958 copiis
1029 2895 1119 2941 com·-

66 2981 192 3040 miuutis
214 2982 313 3059 ipsum
335 2979 530 3044 interficiunt.
566 2980 710 3041 Perdicca
733 2996 809 3040 vero
831 2978 945 3041 bellum
966 2979 1121 3043 Ariarathi

65 3078 279 3159 Cappadocum
309 3082 376 3160 regi
404 3079 522 3156 intulit,
550 3097 686 3158 eumque
714 3080 804 3156 vicit,
837 3081 869 3141 in
898 3097 958 3158 qna
991 3082 1120 3144 victoria

67 3179 141 3241 nihil
165 3188 288 3260 praeter
309 3180 436 3243 vulnera
463 3187 495 3240 et
521 3178 658 3258 pericula
686 3179 888 3256 conquisivit,
916 3197 986 3240 nam
1013 3195 1120 3242 omnes

65 3287 137 3341 ante
160 3282 361 3360 irruptionem
391 3280 476 3341 urbis
503 3297 594 3356 suae,
624 3278 783 3340 succensis
810 3276 951 3339 domibus
978 3279 1057 3358 suis,
1085 3293 1120 3342 se

65 3397 186 3460 suaque
222 3383 323 3442 omnia
360 3385 648 3454 concremaverant,
681 3383 751 3456 post
782 3375 860 3438 haec
893 3377 1006 3440 bellum
1039 3382 1120 3444 inter

67 3475 304 3561 Antigonum'et
317 3481 491 3542 Perdiccam
507 3481 606 3540 oritur
619 3478 811 3560 gravissime,
834 3479 937 3543 multis
952 3482 1119 3561 provinciis

67 3589 99 3641 et
120 3582 231 3643 insulis
254 3582 292 3643 ob
315 3581 429 3644 auxilia
451 3581 501 3642 vel
524 3588 651 3662 negata,
680 3580 730 3642 vel
757 3582 900 3660 praestita
927 3582 1009 3644 dila·
1032 3578 1119 3662 [tot]

69 3683 187 3743 ceratis.
232 3682 294 3743 Diu
328 3682 546 3760 deliberatum,
580 3690 681 3745 utrum
709 3682 742 3743 in
769 3681 978 3744 Macedoniam
1004 3680 1119 3741 bellum

67 3780 303 3860 transferretur,
331 3799 370 3844 an
398 3785 430 3844 in
457 3782 531 3844 Asia
557 3790 734 3864 gereretur:
764 3783 930 3844 novissime
953 3781 1018 3858 ipse
1040 3779 1118 3840 Per·

67 3881 356 3964 dicca'Aegyptum
384 3903 453 3946 cum
483 3884 601 3964 ingenti
629 3885 769 3945 exercitu
801 3881 885 3961 petit.
930 3877 981 3940 Sic
1012 3877 1118 3944 Maca-

68 3982 170 4064 donia,
193 3985 226 4047 in
249 3984 325 4048 duas
346 3993 446 4064 partes
462 3984 706 4046 discurrentibus
721 3980 861 4064 ducibus,
884 3979 916 4039 iu
931 3994 987 4042 sua
1002 3981 1121 4046 viscera
