2634 4434
568 327 614 396 27

68 559 165 622 etiam
184 560 242 622 diis
270 560 461 623 exsecrabile
487 549 655 624 videretur.
700 559 786 622 Tune
805 562 905 623 'etiam
932 562 1022 626 Terei
1048 561 1117 648 [bo]

66 661 199 742 Prognes
221 667 254 722 et
268 660 453 724 Philomelae
469 661 587 731 incesto
603 660 1001 741 parricidiumadjunctum‚
1024 671 1117 745 atque

66 760 285 822 exsecrabilius
307 768 440 842 utroque
468 762 643 824 convivium
672 779 730 842 per
756 760 899 825 infandos
926 762 1029 841 eibos,
1055 766 1116 826 ad·

65 860 159 922 ditum
183 867 244 923 est:
274 880 358 940 oum,
381 870 506 943 propter
526 863 641 924 sororis
663 861 839 942 pudicitiam
863 870 998 943 ereptam
1020 881 1118 944 prae-

65 961 219 1042 cisamque
253 960 405 1043 linguam,
439 961 534 1024 filium
563 963 723 1042 parvulum
752 969 849 1024 mater
874 965 1003 1042 occidit,
1030 972 1118 1045 pater

63 1061 203 1124 emnedit.
246 1061 356 1124 lisdem
386 1063 572 1142 temporibus
594 1063 724 1124 Perseus
752 1081 769 1124 a
797 1061 924 1126 Graecia
951 1066 984 1126 in
1011 1065 1116 1128 Asiam

62 1167 254 1224 transvectus
277 1170 334 1240 est,
357 1163 400 1224 ibi
422 1163 691 1244 barbarasgentes
706 1163 793 1244 gravi
808 1164 1018 1245 diuturnoque
1034 1166 1116 1252 bello

61 1261 195 1340 domuit,
225 1270 256 1325 et
284 1265 450 1326 novissima
472 1265 571 1326 victor
593 1282 705 1328 nomen
727 1264 885 1346 subjectae
906 1267 993 1346 genti
1014 1266 1114 1329 dedit:

60 1379 194 1442 namque
216 1383 234 1426 a
256 1364 367 1428 Perseo
389 1365 501 1428 Persae
521 1372 593 1428 sunt
615 1367 723 1429 uocati.

420 1617 617 1755 baput
666 1615 764 1724 xit

82 1819 275 1904 Coitae-tea
297 1809 479 1884 mardorum
496 1819 692 1906 facinorum
713 1839 778 1902 per
795 1819 1085 1916 praeteritionem.

145 1973 187 2035 At
209 1989 269 2055 ego
290 1991 372 2036 nuno
394 1991 490 2056 cogor
512 1976 613 2054 lateri,
636 1995 685 2038 me
707 1975 914 2057 prospiciendi
929 1974 1007 2038 fines
1021 1993 1112 2040 com·

58 2075 150 2138 modo
184 2075 223 2136 de
256 2081 338 2136 tanta
371 2077 518 2147 malorum
545 2077 663 2140 saeculi
690 2078 917 2140 circumstantia
943 2079 1114 2157 praeterire

57 2176 206 2254 plurima,
233 2182 343 2238 cuncta
370 2177 519 2241 breviare.
563 2177 762 2258 Nequaquam
790 2179 872 2239 enim
899 2185 959 2240 tam
986 2178 1112 2240 densam

57 2276 224 2356 aliquando
246 2276 353 2338 silvam
377 2279 587 2360 praetergredi
615 2296 754 2359 possem,
787 2279 847 2340 nisi
873 2279 965 2340 etiam
995 2277 1113 2340 crebris

57 2377 213 2440 interdum
247 2376 374 2440 saltibus
401 2378 606 2442 subvolarem.
648 2377 724 2440 Nam
753 2397 823 2440 oum
850 2397 981 2460 regnum
1009 2379 1111 2460 Assy-

56 2479 174 2539 riorum
207 2495 263 2557 per
290 2477 405 2542 MCLX.
438 2495 534 2540 annos
566 2494 667 2556 usque
699 2477 739 2537 ad
772 2476 1025 2554 Sardanapalum,
1058 2495 1115 2556 per

58 2579 281 2660 quinquaginta
313 2578 532 2658 propemodum
565 2592 657 2658 reges
685 2583 786 2637 actum
813 2575 869 2654 sit,
897 2582 929 2638 et
955 2593 1112 2656 nunquam

56 2697 156 2758 paene
172 2679 222 2740 vel
238 2677 408 2740 inferendis
422 2678 473 2741 vel
496 2676 687 2755 excipiendis
709 2694 809 2756 usque
831 2677 863 2738 in
885 2677 917 2739 id
938 2684 1022 2739 tern-
1046 2673 1112 2760 [61]

56 2797 114 2860 pus
136 2779 228 2842 bellis
256 2779 426 2861 quieverit,
455 2779 523 2859 quis
552 2777 629 2840 fines
651 2779 841 2857 reperietur,
863 2779 890 2841 si
912 2797 949 2839 ea
971 2796 1111 2840 comme-

56 2898 178 2943 morare
201 2880 420 2959 enumerando,
443 2887 561 2942 utnon
584 2879 682 2940 dicam
705 2878 918 2956 describendo,
942 2881 1113 2948 conemur?

55 2981 237 3060 praesertim
266 2999 335 3042 eum
363 2988 394 3042 et
422 2978 608 3043 Graecorum
635 2979 859 3060 praetereunda
886 2997 949 3042 non
975 2981 1053 3058 sint,
1080 2988 1114 3043 et

55 3080 274 3159 Romanorum,
297 3081 349 3142 vel
371 3082 502 3144 maxime
523 3081 716 3144 recensenda
737 3082 807 3143 sint.
847 3079 918 3142 Nec
933 3081 1008 3143 mibi
1029 3101 1113 3144 nune

55 3200 241 3244 enumerare
264 3199 340 3262 opus
363 3190 410 3245 est
431 3183 548 3245 Tantali
571 3189 602 3244 et
623 3179 845 3260 Pelopistfacla
872 3183 989 3260 turpia,
1017 3180 1112 3243 labn-

54 3281 101 3343 las
116 3283 286 3362 turpiores:
311 3300 440 3364 quorum
456 3283 599 3346 Tantalus
616 3300 673 3344 rex
688 3281 888 3361 Phrygiarum
904 3279 1113 3361 Ganymedem
1187 3291 1191 3294 ’
1208 3316 1210 3319 -

53 3382 155 3460 Trois,
178 3373 400 3446 Dardaniorum
427 3385 510 3464 regis
537 3383 649 3474 lilium,
683 3399 751 3442 cum
785 3380 1022 3462 flagitiosissime
1054 3402 1111 3446 ra-
1192 3425 1194 3427 -

53 3484 185 3562 puisset,
207 3486 322 3566 majore
345 3486 481 3547 conserti
503 3482 679 3545 certaminis
700 3480 847 3544 foeditate
867 3483 1009 3562 detinuit,
1031 3486 1114 3548 sicut

53 3582 225 3646 Phanocles
247 3592 336 3664 poeta
359 3585 527 3662 conlirmat,
551 3583 604 3664 qui
627 3584 792 3646 inanimum
813 3583 927 3645 bellum
945 3587 1112 3648 excitatum

55 3684 96 3744 ob
118 3684 178 3746 boc
200 3682 296 3748 luisse
320 3693 551 3749 commemorat:
585 3685 653 3747 slve
675 3685 748 3765 quia
769 3683 852 3746 hunc
873 3684 972 3765 ipsum
994 3686 1111 3747 Tanta-

54 3784 136 3864 lum,
159 3791 267 3866 utpote
289 3786 442 3849 adseclam
465 3786 618 3863 deorum,
632 3785 731 3847 videri
753 3784 819 3847 vult
840 3793 959 3865 raptum
982 3802 1111 3864 puerum

54 3884 95 3944 ad
128 3885 293 3950 libidinem
321 3886 409 3950 lovis
441 3885 582 3950 familiari
615 3886 772 3948 lenocinio
807 3901 1021 3966 praeparasse,
1058 3887 1112 3965 qui

52 3984 155 4064 ipsum
190 4003 316 4070 queque
343 3987 439 4052 lilium
465 3988 607 4068 Pelopem
640 3987 740 4068 epulis
773 3989 840 4066 ejus
873 4002 935 4048 non
967 3987 1113 4048 dubitarit
