2634 4434
552 306 626 375 225

50 538 113 601 ubi
141 556 250 620 magna
271 539 403 603 hostium
427 540 589 603 multitudo
618 539 794 621 impeditam
821 540 934 603 itinere
960 540 1116 621 legionem

48 640 274 714 circumdedit,
297 646 389 720 atque
412 640 451 701 ad
474 646 645 703 extremum
667 640 832 703 discrimen
853 639 989 703 adduxit.
1022 641 1116 703 Porro

47 747 163 801 autem
185 739 295 803 Fabius
318 741 454 823 legatus,
484 742 618 821 acceptis
642 742 764 803 Caninii
784 741 899 818 literis,
922 741 954 804 in
975 740 1118 806 Pintooas

46 840 278 919 proficiscitur,
311 842 417 923 ibique
449 862 467 907 a
494 844 623 922 captivis
652 843 693 905 de
721 842 948 923 opportunitate
976 840 1115 903 locorum

47 940 175 1003 certior
196 939 295 1005 iactus
316 943 510 1023 inopinantes
529 943 633 1004 hostes
654 943 808 1022 opprimit,
831 943 1012 1023 magnisque
1029 948 1115 1003 stra-

46 1041 150 1121 gibus
176 1039 264 1105 iaetis
296 1042 441 1122 plurimas
467 1044 595 1122 praedas
623 1030 695 1123 agit.
721 1035 859 1104 'Deinde
888 1060 958 1105 cum
985 1040 1117 1103 Caninio

45 1141 179 1221 signum
202 1142 353 1207 adventus
375 1144 425 1205 sui
446 1141 596 1217 dedisset,
621 1140 767 1203 Caninius
789 1142 862 1205 totis
882 1142 990 1205 castris
1011 1139 1117 1202 subito

46 1241 195 1305 exsilivit
222 1260 357 1322 seseque
385 1242 492 1322 injecit
518 1242 607 1304 hosti.
651 1240 696 1303 lta
712 1241 811 1304 liabio
832 1261 873 1303 ex
894 1242 953 1305 alia
975 1245 1061 1320 parte
1082 1246 1116 1301 et

47 1338 187 1404 Caninio
211 1360 252 1403 ex
274 1342 368 1405 altera
390 1344 562 1421 insistente,
585 1343 719 1405 maximo
741 1350 773 1405 et
794 1344 940 1405 diuturno
960 1341 1042 1403 bello
1059 1341 1114 1401 in-

45 1458 206 1501 numerae
231 1440 384 1504 Gallorum
407 1446 514 1524 copiae
536 1444 706 1507 trucidatae
728 1450 807 1507 sunt.
851 1443 926 1504 luda
947 1441 1060 1503 Fabius
1081 1440 1115 1499 in

45 1538 208 1601 Carnutes
231 1542 386 1621 proiectus
409 1551 462 1606 est.
508 1543 632 1606 Sciebat
654 1545 738 1605 enim
764 1545 972 1619 Dumnacum‚
1001 1542 1113 1604 ducem

44 1640 321 1719 antiquissimum,
341 1642 520 1705 rebellionis
542 1645 635 1705 totius
657 1646 868 1718 incentorem,
889 1641 928 1703 ab
949 1641 1009 1702 boc
1029 1639 1113 1701 bello

46 1740 211 1819 elapsum,
233 1742 260 1803 si
283 1742 452 1805 Armoricis
478 1743 625 1825 gentibus
649 1744 812 1826 adjunctus
838 1748 938 1820 esset,
966 1739 1114 1801 maximos

46 1839 168 1903 iterum
191 1842 223 1903 in
248 1840 345 1904 Gallia
374 1843 522 1907 tumultus
550 1861 620 1907 esse
647 1852 816 1907 moturum:
847 1842 903 1906 sed
931 1858 986 1904 eas
1012 1838 1113 1901 adbuc

46 1940 120 2019 ipsa
151 1945 287 2005 novitate
314 1945 502 2023 trepidantes
525 1946 599 2009 mira
621 1948 739 2009 virtute
759 1952 791 2009 et
812 1944 972 2007 celeritate
993 1939 1111 2022 perdo-

49 2042 142 2103 muit.
180 2043 299 2107 interea
315 2044 444 2125 Draptes
465 2064 589 2126 unaque
603 2047 777 2124 Lucterius,
800 2063 869 2108 cum
892 2044 1002 2109 adesso
1024 2037 1110 2123 [tot]

50 2139 219 2205 Caninium
248 2152 280 2207 et
307 2145 446 2227 legiones
475 2148 507 2208 in
539 2147 651 2210 tinibus
684 2148 749 2211 suis
781 2147 939 2223 viderent,
972 2142 1111 2221 undique

48 2240 193 2305 collectis
216 2247 311 2325 copiis
334 2246 477 2325 oppidum
493 2246 718 2309 Uxellodunum
735 2252 894 2324 occupant.
932 2244 996 2304 Hoc
1017 2241 1110 2321 oppi-

49 2340 126 2402 dum
151 2343 182 2406 iu'
204 2345 371 2409 editissima
394 2346 506 2407 montis
527 2363 597 2407 arce
620 2345 784 2425 pendebat,
807 2338 990 2422 duabusque
1011 2342 1111 2418 parti-

47 2440 112 2505 bus
134 2461 191 2522 per
205 2445 332 2523 abrupta
346 2445 442 2509 latera
457 2460 520 2505 nou
535 2461 628 2523 parvo
643 2445 771 2506 flumine
785 2444 984 2522 cingebatur:
1009 2441 1111 2503 medio

50 2542 169 2605 deinde
191 2543 344 2606 descensu
366 2543 536 2622 largissimo
560 2542 644 2604 sonte
667 2559 821 2621 securum,
843 2541 1035 2620 plurimaque
1056 2539 1111 2599 in-

49 2649 188 2705 trorsum
211 2643 298 2721 copia
320 2641 465 2704 frumenti
488 2649 596 2720 tutum,
620 2643 723 2705 irritos
745 2640 852 2722 procul
873 2641 1029 2704 discursus
1048 2638 1110 2702 bo-

50 2745 147 2807 stium
171 2742 374 2822 despiciebat:
399 2742 555 2821 Canidiae,
571 2744 653 2823 quod
669 2743 768 2805 solum
783 2742 917 2805 Romana
933 2742 1110 2820 provisione

51 2844 165 2921 potuit,
191 2843 296 2905 ambos
319 2843 414 2907 duces
437 2860 506 2905 cum
529 2851 614 2923 parte
636 2845 792 2924 copiarum
815 2844 945 2923 plurima
967 2843 999 2901 in
1021 2858 1110 2903 oam-

52 2960 127 3021 pum
156 2951 299 3007 evocatos
329 2945 461 3008 maximo
482 2945 599 3024 praelio
620 2946 785 3025 superavit
822 2943 897 3006 Nam
920 2958 984 3005 uno
1005 2959 1025 3003 e
1046 2940 1109 3002 du-

54 3043 145 3105 cibus
172 3043 352 3123 intersecto,
386 3045 463 3107 alter
492 3064 561 3109 oum
590 3047 783 3125 paucissimis
814 3044 910 3126 fugit,
943 3042 1046 3105 nullus
1077 3041 1112 3102 io

55 3144 199 3222 oppidum
222 3147 324 3223 rediit,
347 3145 402 3207 sed
424 3146 462 3207 ad
485 3144 516 3205 id
538 3146 774 3224 oppugnandum
792 3145 923 3207 Caesare
945 3160 1023 3220 opus
1042 3140 1108 3203 luit.

56 3241 163 3323 ltaque
186 3248 299 3308 certior
321 3262 376 3325 per
397 3246 522 3306 nuntios
544 3243 642 3305 factus
666 3244 777 3305 Caesar
798 3242 947 3305 adcurrit:
972 3242 1109 3301 circum·

57 3346 232 3424 spectisque
254 3346 396 3407 omnibus
420 3344 519 3423 videt,
542 3345 569 3406 si
591 3361 771 3425 expugnare
794 3344 827 3404 vi
852 3340 1008 3417 moliatur,
1038 3339 1110 3401 ludo

58 3449 89 3503 et
104 3446 277 3523 spectaculo
292 3445 425 3507 bostium
441 3445 604 3506 delendum
620 3462 689 3506 esse
704 3443 873 3506 exercitum
895 3460 999 3504 suum:
1024 3437 1110 3522 [408]

59 3561 151 3606 unum
175 3546 272 3607 solum
296 3564 366 3609 esse
388 3544 546 3627 praesidii,
577 3546 603 3607 si
631 3562 694 3625 quo
716 3545 805 3606 modo
827 3543 931 3606 bostes
953 3560 1032 3622 aqua
1054 3557 1109 3603 ar-

42 3652 193 3713 ceantur.
239 3646 299 3709 Sed
329 3654 360 3708 et
385 3646 443 3707 hoo
472 3662 596 3727 quoque
624 3646 684 3709 nisi
712 3645 825 3708 Caesar
852 3662 913 3706 non
943 3641 1108 3721 potuisset:

61 3745 210 3825 siquidem
240 3744 325 3823 ions,
356 3763 417 3825 quo
448 3746 485 3807 ad
513 3754 632 3826 potum„
650 3746 831 3822 utebantur,
865 3742 966 3803 medio
998 3739 1110 3801 devexi

61 3847 169 3909 orontis
192 3845 287 3908 latere
311 3830 502 3909 fundebatur.
549 3847 661 3909 Caesar
682 3847 719 3908 ad
742 3845 912 3924 proximum
936 3837 1029 3900 sontis
1050 3837 1109 3899 ad-

63 3946 175 4011 moveri
203 3948 310 4011 vineas
340 3946 510 4026 turrimque
538 3947 654 4009 exstrui
678 3945 776 4024 jubet.
820 3942 866 4005 Fit
889 3956 1018 4021 magnus
1038 3938 1112 4003 ibon
