2634 4434
403 565 590 707 haput
617 725 618 728 Ὺ
644 572 766 682 Xll.
1017 623 1107 706 riso]

60 776 316 848 Atheniensium
339 785 510 853 aduersae
525 787 821 862 Lacedaemonios
833 801 968 881 praelia
978 811 1110 894 praeta,

89 975 93 982 1
118 881 382 970 horrendaeque
410 889 623 958 calamitates
650 916 693 961 ae
718 902 856 984 strapas
876 903 1049 991 utriunque

494 998 666 1077 acceptae.

137 1152 230 1234 Apud
251 1156 458 1222 Athenienses
482 1179 555 1224 vero
583 1182 651 1226 curn
681 1168 735 1229 diu
762 1168 928 1232 domestica
956 1175 1109 1244 discordia

55 1253 236 1333 agitaretur,
261 1259 440 1322 imminente
462 1264 600 1341 periculo
627 1283 745 1330 summa
766 1269 888 1349 imperii
909 1272 948 1334 ad
968 1285 1110 1342 senatum

54 1353 157 1432 populi
186 1355 345 1420 voluntate
380 1361 577 1442 transfertur,
612 1370 725 1448 quippe
752 1370 815 1432 otio
842 1371 1014 1445 discordiae
1041 1397 1106 1442 nu-

55 1452 202 1515 triuntur:
236 1463 283 1534 at,
316 1458 370 1521 uhi
397 1466 565 1527 necessitas
593 1469 750 1547 incubuit,
777 1472 953 1551 postpositis
978 1479 1107 1555 privatis

54 1553 158 1614 causis
174 1560 267 1632 atque
282 1557 360 1618 odiis
381 1561 413 1620 in
434 1580 596 1626 commune
616 1569 794 1632 consulitur.
831 1572 893 1634 Sed
914 1573 974 1636 hoc
995 1578 1106 1657 ipsum,

53 1671 120 1712 cum
152 1660 279 1732 propter
300 1657 421 1718 insitam
443 1665 529 1740 genti
551 1662 780 1742 superbiam‘et
801 1674 974 1748 qnnuicas
995 1674 1106 1738 lihidi-

52 1769 120 1830 nes,
145 1745 471 1834 perniciosum‘sorer,
495 1761 616 1823 tandem
639 1764 816 1828 Alcibiades
837 1759 927 1832 exsul
947 1772 986 1834 ab
1009 1793 1106 1853 error-

52 1853 111 1914 citu
134 1860 308 1930 revocatur,
333 1863 364 1918 et
386 1857 449 1919 dux
471 1860 577 1922 classis
599 1865 803 1930 constituitur.
847 1869 917 1942 ouo
938 1883 1105 1955 comperto,

52 1953 203 2032 principes
218 1953 316 2033 primo
333 1955 487 2035 Spartanis
503 1961 610 2026 urbem
623 1966 755 2044 prodere
770 1967 867 2030 moliti
881 1979 966 2034 sunt:
980 1973 1104 2054 deinde,

52 2069 117 2112 cum
141 2053 174 2114 id
202 2051 313 2115 trustra
338 2059 540 2139 ¹cogitassent,
569 2063 601 2123 in
630 2065 772 2128 exsilium
798 2076 908 2148 sponte
934 2077 1104 2139 cesserunt.

52 2151 146 2232 igitur
167 2153 354 2233 Alcibiades,
377 2162 474 2238 patria
495 2161 633 2240 liberata,
657 2166 786 2228 classem
809 2169 841 2228 in
857 2169 968 2232 hostes
990 2173 1102 2254 dirigit.

53 2251 217 2315 commisso
245 2255 360 2333 praelio
388 2259 547 2324 victoriam
571 2262 778 2328 Athenienses
800 2277 972 2347 capessunt.
1009 2272 1103 2335 Porro

52 2360 152 2414 auteur
175 2355 270 2434 major
292 2373 360 2434 pars
383 2357 523 2438 Spartani
540 2365 702 2432 ,exercitus
724 2384 828 2444 caesa,
856 2369 952 2430 duces
978 2388 1104 2452 quoque

51 2470 146 2530 paene
169 2470 275 2517 ornnes
298 2456 470 2535 interlecti,
494 2466 525 2520 et
547 2465 702 2542 octogiuta
729 2482 824 2525 naves
851 2474 957 2544 captae
985 2469 1103 2550 absque

51 2551 110 2630 his,
144 2570 224 2632 quae
253 2557 285 2616 in
319 2556 464 2620 conllictu
497 2560 643 2622 incensae
676 2561 899 2644 demersaeque
927 2568 1101 2644 perierunt:

51 2651 165 2716 Rursus
188 2653 316 2733 bellum,
339 2657 372 2718 in
395 2665 506 2720 terram
529 2660 724 2740 translatum,
748 2663 904 2743 Spartanis
925 2684 1025 2747 aeque
1047 2671 1102 2732 in-

53 2751 182 2816 feliciter
209 2757 461 2844 cessitgquibus
483 2760 576 2822 rebus
593 2759 689 2823 *lracti
711 2764 961 2843 Lacedaemonii,
983 2771 1104 2846 petiere

51 2871 169 2932 pacem,
198 2874 256 2918 nec
284 2865 386 2920 tamen
415 2860 578 2940 impetrare
606 2869 783 2941 potuerunt.
825 2865 987 2928 Praeterea
1011 2865 1102 2944 [131]

53 2954 241 3034 Syracusana
263 2959 412 3038 praesidia
428 2960 459 3021 in
476 2959 622 3038 Siciliam,
645 2963 748 3025 audita
765 2963 1012 3047 carthaginensis
1027 2967 1103 3031 belli

52 3055 261 3136 intestatione,
287 3067 430 3122 revocata
453 3067 532 3123 sunt.
578 3061 783 3134 Quamobrem
805 3064 981 3128 Alcibiades
1002 3068 1103 3131 classe

52 3158 168 3220 victrici
197 3164 289 3220 totam
316 3161 421 3222 Asiam
449 3168 647 3242 pervagatur,
674 3161 780 3242 bellis,
807 3164 959 3226 incendiis
992 3167 1101 3228 caedi-

51 3255 168 3337 busque
200 3260 279 3338 rapit
310 3263 482 3342 sternitque
516 3263 625 3324 omnia.
676 3261 790 3338 Urbes,
824 3280 905 3340 quae
938 3264 1051 3326 dndrrm
1083 3284 1104 3330 a

51 3360 195 3420 societate
218 3357 412 3439 deiecerant,
441 3363 521 3441 capit
543 3362 715 3440 recipitque
738 3366 828 3440 quarn
852 3361 1005 3442 plurimas.
1049 3365 1101 3430 Sic

51 3456 239 3536 Alcibiades,
262 3461 365 3541 magni
385 3463 517 3522 norninis
533 3460 646 3539 lactus,
663 3460 801 3524 Athenas
816 3481 885 3524 cum
900 3464 1102 3530 admiratione

51 3563 80 3618 et
99 3558 213 3638 gaudio
236 3561 370 3622 omnium
393 3561 493 3622 victor
515 3562 696 3643 ingreditur.
732 3563 828 3625 Parvo
849 3570 918 3644 post
938 3566 1101 3628 intervallo

51 3665 141 3738 auget
163 3659 261 3737 vires,
291 3662 460 3724 exercitum
483 3662 675 3745 classemque
696 3681 827 3726 numero
848 3664 1004 3744 provehit,
1025 3680 1100 3724 rur-

51 3773 163 3838 susque
177 3751 281 3823 Asiam
297 3763 380 3842 petit.
424 3762 658 3826 Lacedaemonii
680 3780 755 3825 uero
776 3762 966 3844 Lysandrum
989 3763 1100 3824 ducem

51 3856 137 3921 classi
161 3859 307 3946 belloque
334 3861 523 3942 praeficiunt.
568 3863 665 3944 Cyrus
693 3863 802 3940 etiarn,
830 3861 910 3924 lilius
937 3861 1038 3939 Darii,
1067 3863 1099 3925 in

50 3955 147 4021 locum
170 3960 381 4042 'lissaphernis
407 3962 517 4026 laniae
544 3963 723 4043 Lydiaeque
750 3961 958 4042 praepositus,
982 3964 1100 4042 magnis

929 4075 945 4121 5
