2634 4434
379 325 731 411 -aau‘

478 444 686 453 —--—---—-

57 588 121 633 rum
146 572 269 635 nomina
292 574 324 635 in
347 572 449 635 tabula
471 576 625 653 proposita
642 582 724 655 sunt,
748 576 876 655 primum
892 574 998 655 Lepidi
1014 591 1108 656 prae·

56 679 145 751 coptu
168 681 200 734 et
221 673 356 750 numine,
380 674 492 736 deinde
514 672 652 751 Antonii,
676 677 766 736 tertio
790 675 936 737 Caesaris.
969 674 1015 735 lbi
1037 677 1108 736 An-

55 772 159 833 tonius
173 772 304 833 Tullium
322 772 500 834 Ciceronem
524 774 682 835 inimicum
704 790 805 850 suum,
828 773 871 835 ibi
893 774 924 837 L.
949 773 1109 835 Caesarem

10 892 12 899 ·
54 872 240 933 avunculum
268 891 374 951 suum,
403 880 434 935 et
462 871 555 954 (quud
583 876 801 955 exaggerando
828 874 940 937 scalen
967 873 1109 953 accessit)

54 971 125 1030 viva
150 978 244 1032 matre
267 975 500 1053 proscripserat3
529 973 572 1034 ibi
600 973 734 1053 Lepidus
760 974 791 1035 h.
820 975 956 1037 Paullum
984 964 1108 1036 fratrem

53 1086 142 1129 suum
167 1072 197 1131 in
221 1073 361 1133 eumdem
390 1074 628 1151 proscriptorum
656 1090 782 1152 gregem
811 1077 994 1154 conjecerat.
1038 1074 1109 1133 Ad-

48 1170 126 1247 jocti
149 1158 221 1231 sunt
243 1178 347 1251 postea
370 1172 407 1230 ad
431 1186 591 1230 numerum
615 1172 852 1249 proscriptorum
876 1174 999 1253 triginta
1021 1168 1108 1253 [432]

53 1270 177 1348 equites
191 1269 330 1329 Romani.
363 1268 476 1329 Multae
499 1270 551 1332 diu
574 1278 605 1331 et
627 1272 732 1335 uariae
755 1272 865 1333 caedes
880 1279 978 1348 actae,
1001 1272 1108 1331 domus

51 1370 292 1446 proscriptorum
317 1368 441 1447 direptis
464 1369 604 1432 omnibus
627 1372 746 1432 dirutae
768 1378 848 1433 sunt.
891 1372 933 1432 At
948 1368 1107 1431 Dolabella

50 1468 81 1527 in
109 1467 199 1546 Syria
221 1468 313 1529 multa
337 1486 405 1529 cum
430 1470 534 1532 Cassio
556 1469 637 1531 bella
659 1472 772 1551 gessit,
794 1489 812 1531 a
835 1487 896 1551 quo
918 1472 1018 1533 victus
1041 1472 1107 1549 ipse

49 1583 84 1627 se
109 1564 275 1629 interiecit.
319 1568 430 1628 Brutus
453 1576 484 1629 et
506 1568 628 1630 Cassius
655 1572 774 1649 magnis
801 1570 989 1630 exercitibus
1016 1586 1105 1629 com-

50 1666 166 1743 paratis
188 1666 267 1745 apud
290 1666 427 1727 Athenas
450 1653 673 1743 convenerunt,
696 1676 852 1745 totamque
868 1666 1026 1757 Graeciam
1045 1667 1106 1728 de-

51 1764 291 1844 populatisunt.
335 1766 470 1828 Rhodios
493 1766 614 1828 Cassius
644 1773 724 1828 terra
752 1767 889 1846 marique
918 1773 1108 1847 oppugnatos

52 1864 89 1924 ad
118 1865 306 1927 deditionem
335 1867 453 1947 coegit,
482 1867 594 1945 quibus
616 1873 739 1947 praeter
759 1868 851 1928 vitam
875 1867 950 1928 nihil
973 1867 1106 1947 reliquit.

52 1961 151 2043 igitur
166 1964 289 2056 ‘Caesar
317 1973 349 2029 et
376 1967 529 2028 Antonius
555 1967 679 2028 eosdem
703 1966 734 2027 in
756 1966 964 2028 Macedoniam
988 1968 1106 2048 magnis

52 2061 204 2125 bellorum
235 2066 427 2146 adparatibus
456 2068 624 2146 persecuti,
652 2067 691 2127 ad
720 2074 846 2130 murtam
875 2067 1104 2147 compulerunt:

53 2165 195 2239 quamvis
224 2165 471 2227 manifestissime
498 2166 550 2226 illa
572 2173 646 2227 tunc
668 2184 771 2245 pugna
793 2182 855 2225 nun
876 2168 991 2226 uirtute
1012 2165 1106 2242 partis

50 2262 197 2341 Antonii,
225 2264 279 2325 scd
304 2264 441 2327 Caesaris
464 2265 612 2325 felicitate
634 2261 775 2324 coniecta
796 2265 844 2325 sit.
889 2262 1105 2324 Caesar'enim

51 2368 128 2423 tunc
150 2380 259 2444 aeger,
282 2383 351 2424 oum
373 2381 407 2425 se
429 2366 461 2423 ln
485 2362 591 2422 castris
614 2362 781 2439 capiendae
803 2362 916 2439 quietis
939 2378 1029 2421 causa
1052 2368 1104 2421 te-

52 2478 129 2523 nere
159 2464 330 2536 statuisset,
358 2462 479 2520 hortatu
508 2467 539 2519 et
564 2458 709 2537 precihus
736 2460 847 2519 medici
873 2462 938 2534 sui,
972 2461 1024 2536 qui
1051 2477 1107 2537 per

52 2561 207 2621 somnium
230 2560 416 2619 admonitum
439 2575 509 2619 sese
532 2554 694 2632 fatebatur,
716 2563 750 2617 ut
772 2574 816 2617 ea·
831 2556 881 2616 die
899 2558 1006 2616 castris
1023 2557 1105 2617 Cae·

52 2676 155 2721 sarem
178 2657 283 2719 salutis
306 2658 401 2737 ipsius
423 2672 513 2717 causa
536 2654 693 2732 educeret,
715 2656 747 2716 in
763 2674 901 2735 campum
917 2674 1010 2737 aegre
1025 2658 1106 2718 inter

54 2760 160 2839 cupias
183 2774 327 2837 egressus
350 2762 411 2833 est,
441 2774 476 2817 ac
499 2772 569 2815 mox
592 2762 689 2816 castra
711 2756 777 2835 ejus
800 2755 837 2816 ab
860 2756 997 2816 hostibus
1019 2763 1106 2835 capta

53 2864 141 2919 sunt:
171 2855 226 2917 sed
252 2872 358 2918 rursus
382 2855 554 2917 Caesariani
578 2854 689 2917 milites
712 2854 807 2917 Cassii
830 2862 928 2917 castra
949 2862 1106 2935 ceperunt.

56 2958 159 3029 Quare
181 2956 219 3018 ad
242 2954 485 3033 desperationem
508 2954 607 3016 adacti
627 2954 738 3017 Brutus
760 2962 792 3017 et
814 2955 936 3017 Cassius
958 2957 1105 3017 immatu-

54 3074 120 3117 ram
148 3056 206 3117 sibi
228 3051 355 3115 mortem
379 3060 449 3113 ante
472 3054 545 3114 belli
566 3055 729 3115 terminum
753 3057 976 3119 consciverunt.
1019 3055 1105 3133 Nam,

56 3156 192 3217 invitatis
207 3151 438 3233 percussoribus
454 3153 576 3214 Cassius
599 3160 699 3231 caput,
722 3152 834 3213 Brutus
855 3154 935 3213 latus
957 3154 1106 3231 praebuit.

56 3255 97 3316 At
119 3254 231 3315 Romae
253 3253 373 3328 Fulvia,
396 3268 476 3313 uxor
497 3252 638 3328 Antonii,
662 3267 768 3312 socrus
791 3250 939 3327 Caesaris,
962 3251 1105 3311 domina·
1193 3289 1196 3293 ι

58 3360 121 3415 tum
143 3360 178 3414 ut
200 3352 310 3414 mulier
331 3352 479 3432 agitabat:
509 3351 660 3412 incertum
686 3351 718 3411 in
746 3350 803 3410 hac
829 3351 998 3410 mutatione
1025 3367 1104 3411 cun-

59 3453 167 3515 sularis
188 3454 330 3533 regiique
352 3450 484 3531 lastigii,
507 3458 607 3511 utrum
632 3448 803 3511 deficientis
824 3451 979 3530 potentiae
1001 3450 1107 3528 ultima

60 3571 97 3613 an
124 3553 298 3631 incipientis
324 3552 420 3631 prima
449 3549 651 3627 numeranda,
680 3556 765 3611 certe
792 3552 883 3612 etiam
910 3552 942 3611 in
971 3567 1025 3611 eos
1052 3552 1105 3609 in-

60 3652 172 3729 solens,
195 3670 250 3729 per
271 3668 359 3730 quos,
382 3658 416 3711 ut
440 3648 652 3729 insolesceret,
674 3649 830 3730 agebatur.
873 3649 947 3711 Nam
970 3655 1002 3708 et
1023 3647 1106 3706 Cae-

61 3767 157 3813 sarem
180 3767 337 3813 reversum
361 3749 441 3829 apud
463 3748 666 3811 Brundusium
689 3750 899 3824 contumeliis,
922 3744 1107 3806 lectionibus

61 3851 241 3929 insidiisque
255 3836 351 3929 petiit.
383 3853 410 3910 A
427 3867 487 3929 quo
503 3849 677 3927 propulsata
692 3848 730 3908 ad
742 3847 908 3907 Antonium
924 3859 1003 3903 con·
1021 3837 1107 3924 [433]

62 3951 152 4015 cessit
174 3951 207 4012 in
230 3946 395 4013 Graeciam.
441 3948 503 4011 Sex
524 3948 703 4025 Pompeius,
725 3952 883 4022 postquam
910 3958 945 4004 se
972 3943 1005 4002 in
1032 3959 1108 4022 pro-
