2634 4434
619 270 826 414 Aa„

200 549 365 628 imaginem
399 541 614 605 commendare
647 555 799 602 curemus.
853 535 991 596 Brevitas
1024 541 1126 594 autem
1159 541 1250 613 atque

119 713 122 717 ,
199 648 387 721 obscuritas,
422 646 484 704 ima
506 649 540 702 ut
563 647 610 701 est
631 657 753 719 semper
775 639 904 700 obscura
928 635 1077 710 brevitas,
1112 635 1170 696 etsi
1194 652 1248 695 co-

197 747 365 829 gnoscendi
383 744 546 825 imaginem
563 739 706 819 praefert,
723 738 824 802 aufert
839 746 939 800 tamen
952 734 1144 816 intetttgendt
1157 737 1248 815 vigo-

198 865 272 910 rem.
318 847 379 909 Sed
408 861 484 924 ego,
514 859 583 902 cum
613 847 779 918 utrumque
807 838 963 900 vitandum
991 839 1101 917 sciam,
1132 834 1249 910 faciam,

199 954 247 1024 ut,
285 962 472 1027 quocunque
506 941 595 1002 modo
628 939 775 1001 alterutra
808 945 1033 1017 temperentur,
1068 954 1125 998 nec
1159 935 1250 996 multa

199 1049 423 1126 praetermissa,
446 1061 505 1104 nec
529 1040 655 1103 multum
679 1039 843 1101 constricta
865 1039 1036 1102 videantur.

201 1332 291 1411 [na
584 1295 783 1430 bcput
836 1289 865 1398 i.

199 1501 257 1568 De
276 1519 363 1586 poce
374 1501 485 1583 jasan
506 1499 723 1566 Artaxerxis
744 1498 836 1582 repta
856 1513 920 1584 per
943 1493 1126 1563 Graeciam
1147 1494 1250 1581 sanctu,

242 1605 352 1695 deqrte
371 1604 481 1670 curba
502 1603 597 1670 bellis
618 1605 703 1668 ante
723 1601 814 1666 ittam
838 1619 960 1686 pacem
982 1619 1005 1663 a
1026 1597 1212 1664 Lacedae-

284 1706 509 1807 monii-rcum
529 1724 611 1799 repe
632 1701 866 1868 etcoffibeanis
889 1699 1014 1782 pestis,
1041 1698 1100 1763 ubi
1126 1700 1170 1763 de

284 1958 376 2019 Anno
397 1956 436 2018 ab
457 1955 540 2017 Urbe
562 1956 684 2017 condita
707 1951 891 2028 cocnxtv,
914 1968 1004 2031 quem
1034 1967 1146 2012 annum
1174 1954 1252 2014 sicut

200 2060 414 2141 gravissimum
441 2062 566 2136 propter
592 2055 725 2136 ignotam
749 2055 808 2116 sibi
830 2051 1036 2132 captivitatem
1059 2050 1153 2113 Roma
1176 2071 1250 2132 per-

200 2161 312 2235 sensit,
346 2160 388 2220 ita
421 2155 615 2238 magnificum
648 2163 772 2236 propter
805 2153 958 2216 insolitam
983 2170 1097 2231 ,pacem
1126 2151 1251 2214 Graecia

199 2260 322 2333 babuit;
356 2276 395 2320 eo
421 2257 573 2338 siquidem
603 2263 757 2336 tempore,
787 2271 848 2334 quo
876 2251 954 2314 Galli
982 2252 1106 2313 Romam
1135 2261 1250 2331 captam

199 2362 421 2439 incensamque
448 2364 618 2420 tenuerunt
643 2375 679 2420 ao
706 2356 928 2440 vendiderunt,
955 2353 1160 2433 Artaxerxes,
1187 2353 1250 2414 Rex

99 2509 103 2514 .
198 2460 375 2537 Persarum,
402 2457 563 2522 discedere
591 2459 629 2520 ab
656 2457 748 2520 annis
777 2464 808 2518 et
835 2455 996 2536 quiescere
1024 2456 1056 2515 in
1078 2471 1153 2533 pace
1175 2456 1249 2515 uni-

198 2578 318 2622 versam
345 2559 506 2622 Graeciam
533 2577 590 2639 per
614 2560 733 2640 legatos
761 2557 931 2639 praecepit,
959 2555 1144 2619 denuntians
1171 2572 1249 2615 con-

199 2660 396 2721 tradictorem
425 2660 509 2739 pacis
537 2659 619 2719 betto
646 2657 871 2738 impetendum:
904 2671 997 2736 quem
1024 2657 1066 2718 ita
1090 2654 1249 2736 jubentem

198 2764 371 2839 potuissent
391 2761 500 2840 utique
516 2757 625 2820 Graeci
646 2764 708 2818 taur
731 2763 907 2818 constanter
928 2763 1137 2832 contemnere,
1161 2773 1249 2835 quam

198 2859 321 2923 sortiter
341 2878 435 2940 saepe
461 2861 620 2937 vicerunt,
648 2857 710 2920 nisi
731 2863 901 2937 porrectam
924 2857 1132 2936 undecunque
1155 2875 1248 2918 occa-

155 2955 165 2967 *
198 2962 335 3037 sionem,
362 2977 452 3039 quam
479 2959 571 3020 aride
598 2957 864 3038 desideraverant,
887 2965 947 3022 mm
970 2957 1105 3020 libenter
1125 2957 1247 3020 hausis-

197 3066 284 3122 sent:
319 3059 521 3121 ostenderunt
552 3059 635 3122 enim
662 3075 752 3139 quam
779 3077 872 3141 aegre
902 3059 1053 3122 admisere
1081 3059 1143 3136 iila,
1171 3076 1249 3140 quae

196 3165 329 3223 eatenus
353 3167 533 3240 gesserunt,
561 3178 641 3241 quae
662 3167 722 3222 tam
745 3159 852 3237 facile,
875 3160 1000 3242 indigna
1023 3160 1113 3224 etiam
1137 3160 1248 3222 condi-

197 3263 299 3338 tione,
328 3262 551 3340 deposuerunt:
586 3279 655 3323 nam
678 3263 763 3352 xquid
794 3267 854 3322 tam
888 3261 1047 3342 indignum
1081 3260 1188 3322 liberis
1221 3265 1250 3322 et

197 3359 329 3422 fortibus
350 3362 436 3439 viris,
459 3380 549 3441 quam
571 3362 665 3444 ionga
683 3363 804 3440 remoti,
826 3379 919 3442 saepe
933 3362 1018 3438 victi,
1040 3361 1140 3424 adbuc
1155 3361 1250 3424 bostis

197 3467 231 3521 et
252 3461 363 3522 deinde
385 3463 562 3542 minitantis,
586 3465 714 3542 imperio
737 3481 818 3524 arma
840 3463 1007 3542 deponere,
1030 3463 1162 3542 pacique
1176 3479 1248 3524 ser-

196 3561 286 3621 vire?
308 3563 335 3622 si
358 3581 419 3624 non
442 3566 508 3643 ipso
531 3572 647 3625 tantum
671 3563 867 3625 adnuntiatae
890 3564 973 3642 pacis
995 3581 1072 3625 sono
1088 3581 1143 3642 per
1158 3563 1248 3624 corda

196 3656 284 3743 [147]
313 3670 492 3725 cunctorum
520 3681 612 3741 aegra
641 3662 715 3724 betti
745 3663 894 3750 tabuisset
921 3665 1066 3748 intentio:
1102 3671 1148 3740 et,
1183 3669 1248 3742 post
1304 3698 1308 3709 ·

194 3762 357 3823 diuturnas
378 3762 515 3823 laborum
538 3762 675 3840 vigilias,
703 3764 868 3824 oscitantes
890 3781 926 3825 ac
948 3763 1136 3843 stupefactos
1160 3766 1247 3843 quies

195 3861 321 3940 inopina
343 3860 692 3938 laxasset,·priusqnarn
720 3864 814 3940 ipsam
838 3865 974 3942 quietem
997 3865 1139 3925 voluntas
1162 3870 1246 3942 pacta
1306 3883 1307 3913 2

194 3963 401 4037 compacaret.
432 3957 521 4018 Unda
541 3965 645 4021 summ
666 3968 749 4024 'tanta
772 3962 910 4044 fatigatio
932 3965 1074 4034 omnium¹
1084 3981 1140 4043 per
1155 3970 1245 4026 totam

1303 4185 1307 4264 i
