2634 4434
595 309 802 415 aa„

55 535 59 540 ⁸
172 561 228 624 per
244 559 340 606 annos
364 542 539 622 quindecim
561 544 600 606 ad
622 544 681 606 hoc
702 543 846 626 paulatim
869 560 924 623 per
946 559 1054 606 omnes
1075 543 1235 606 scelernm

171 642 285 727 gradus
307 645 415 723 erevit,
438 651 472 706 ut
494 631 787 708 confirmatissimam
811 651 874 706 toto
895 643 970 706 orbe
988 643 1099 706 Christi
1114 643 1236 706 Eccle-

127 759 135 771 ·
172 745 260 820 siam,
282 744 360 806 datis
382 746 499 827 ubique
518 746 749 809 crudelissimae
764 745 989 826 persecutionis
1005 744 1126 822 edictis,
1149 762 1236 806 cou-

172 844 291 908 rellere
313 847 449 909 auderet,
485 845 514 908 ls
537 849 568 908 in
592 853 704 908 tantam
727 846 901 926 superbiam
923 845 1081 924 prolapsus
1104 844 1177 923 luit,
1202 852 1238 907 ut

174 944 331 1007 dominum
363 962 434 1010 sese
464 965 501 1010 ac
535 949 634 1010 Deum
663 939 782 1024 vocari,
815 947 909 1010 scribi
942 941 1064 1025 colique
1097 947 1237 1028 jusserit.

173 1044 387 1108 Nobilissimos
419 1066 438 1108 e
470 1056 596 1125 senatu,
629 1047 764 1110 invidiae
790 1046 881 1108 simul
908 1064 944 1107 ac
970 1047 1102 1126 praedae
1130 1064 1237 1126 causa,

133 1161 137 1164 ’
175 1145 253 1208 alios
273 1145 371 1226 palam
391 1147 562 1225 interiecit,
583 1149 661 1210 elios
684 1149 715 1209 in
739 1147 864 1210 exilium
888 1149 978 1208 trusit
1000 1145 1107 1226 ibique
1131 1149 1235 1208 truci-

176 1246 242 1308 dari
269 1247 438 1326 imperavit.
482 1248 631 1330 Libidinis
660 1249 895 1328 intemperantia
923 1247 1072 1327 quidquid
1102 1246 1236 1327 cogitari

176 1353 293 1425 potest,
315 1345 398 1408 iecit.
443 1348 590 1412 Plurimos
613 1349 697 1412 urbis
720 1350 830 1426 aedeS,
853 1348 1015 1410 destructis
1037 1347 1144 1432 populi
1166 1345 1235 1408 llo-
1313 1405 1314 1408 ,

177 1438 259 1507 ma‘ni
280 1447 385 1524 rebus,
409 1450 561 1540 extruxit
589 1449 708 1512 Bellum
724 1450 886 1512 adversum
903 1446 1071 1510 Germanos
1086 1454 1120 1509 et
1134 1447 1237 1508 Dacos

176 1562 233 1624 per
253 1545 372 1628 legatos
393 1549 490 1630 gessit
511 1551 576 1629 pari
602 1551 835 1631 reipubublicae
862 1550 1014 1630 pernicie3
1043 1567 1113 1610 cum
1142 1554 1176 1610 et
1204 1549 1237 1608 in

176 1643 259 1706 Urbe
280 1647 347 1726 ipse
368 1657 508 1712 senatum
531 1651 741 1733 populumque
762 1651 901 1728 laniaret,
925 1657 957 1712 et
977 1648 1052 1710 loris
1072 1647 1151 1710 male
1168 1650 1236 1708 eir-

177 1753 349 1809 cumactum
365 1752 535 1815 exercitum
552 1753 678 1816 adsidua
694 1752 797 1814 hostes
814 1751 908 1812 caede
924 1748 1121 1811 conticerent.
1159 1747 1235 1810 llam

177 1853 289 1927 quanta
312 1847 428 1912 luerint
449 1851 627 1932 Diurpanei,
650 1853 803 1914 Dacorum
825 1852 920 1933 regis,
942 1867 1012 1911 cum
1034 1849 1132 1912 Fusco
1156 1849 1237 1911 duee

175 1946 293 2024 praelia
320 1957 516 2031 quantaeque
542 1951 747 2016 Romanorum
775 1952 893 2029 clades,
916 1951 1009 2031 longo
1032 1956 1120 2011 textu
1142 1949 1236 2012 evol·
1312 1971 1316 1978 ·

178 2062 297 2125 verem,
320 2051 379 2111 nisi
403 2051 563 2114 Cornelius
584 2042 717 2130 Tacitus,
741 2054 794 2132 qui
816 2052 895 2114 banc
916 2051 1072 2113 historiam
1095 2050 1236 2130 diligen-

178 2145 297 2208 tissime
325 2151 499 2228 contexuit,
527 2151 565 2214 de
592 2153 752 2216 reticendo
779 2151 1009 2216 interfectorum
1039 2167 1169 2212 numero
1204 2155 1239 2210 et

180 2243 357 2312 Sallustium
386 2250 541 2332 Crispum,
570 2260 601 2316 et
628 2253 705 2316 alios
733 2259 875 2316 auctores
897 2251 1135 2333 quamplurimos
1157 2266 1237 2311 san-

179 2347 275 2427 xisse,
297 2356 329 2410 et
346 2368 384 2412 se
407 2352 505 2432 ipsum
528 2354 609 2416 idem
625 2345 815 2434 potissimum
832 2353 975 2436 elegisse,
992 2352 1128 2413 dixisset
1166 2350 1237 2410 Do·
1294 2391 1302 2403 .

180 2447 325 2510 mitianus
354 2457 457 2513 tamen
484 2455 664 2533 pravissima
696 2455 794 2518 elatus
822 2454 987 2536 jactantia,
1019 2452 1077 2514 sub
1111 2451 1238 2512 nomine

180 2556 393 2626 superatorum
416 2552 548 2616 hostium
575 2554 613 2616 de
642 2555 802 2618 exstinctis
829 2554 1004 2636 legionibus
1032 2550 1239 2631 triumpharit.

181 2644 269 2729 [484]
292 2648 439 2734 idemque
462 2653 607 2716 efferatus
628 2654 783 2735 superbia,
807 2673 867 2735 qua
889 2672 924 2717 se
938 2655 1036 2715 Deum
1056 2651 1117 2714 coli
1132 2650 1238 2726 vellet,

180 2751 428 2826 persecutionem
451 2753 483 2814 in
506 2753 693 2818 Christianos
716 2757 776 2835 agi,
802 2755 956 2818 secundus
978 2774 996 2816 a
1017 2752 1151 2829 Nerone,
1174 2753 1237 2812 im-

181 2850 310 2927 peravit.
347 2851 416 2926 Ouo
438 2860 575 2934 tempore
598 2858 688 2919 etiarn
713 2856 905 2918 beatissimus
923 2854 1057 2916 loannes
1072 2850 1239 2933 Apostolus

182 2947 215 3009 in
237 2949 373 3014 Patmum
400 2954 531 3016 insulam
557 2955 714 3035 relegatus
742 2953 809 3016 luit.
854 2955 937 3017 lnter
958 2954 1091 3017 ludaeos
1114 2967 1241 3032 quoque

184 3049 353 3133 acerbitate
385 3059 606 3117 tormentorum
639 3062 672 3117 et
698 3057 931 3120 cruentissimae
959 3054 1149 3136 quaestionis
1178 3070 1241 3113 ex·

186 3148 267 3228 quiri
296 3169 395 3233 genus
423 3154 522 3218 David
560 3164 653 3238 atque
688 3155 820 3230 interlioi
852 3163 1047 3236 praeceptum
1069 3159 1141 3230 «est,
1169 3151 1242 3213 dum

182 3250 343 3329 prophetis
376 3257 489 3318 sanctis
522 3265 554 3320 et
580 3257 737 3320 invidetur
774 3265 805 3322 et
837 3257 988 3333 creditur,
1022 3256 1109 3336 quasi
1142 3251 1244 3314 adhuc

186 3346 309 3414 iuturus
332 3362 415 3418 esset
442 3376 482 3418 ex
509 3360 628 3423 semine
654 3357 768 3437 David,
799 3359 852 3440 qui
879 3375 1009 3438 regnum
1039 3361 1144 3436 posset
1170 3352 1242 3414 adi-

188 3450 274 3528 pisci.
318 3453 470 3518 Continuo
493 3465 594 3520 tamen
615 3458 808 3521 Domitianus
830 3458 998 3521 crudeliter
1027 3457 1058 3517 in
1086 3453 1200 3535 palatio
1225 3470 1244 3513 a

189 3550 253 3611 suis
280 3552 461 3619 interfectus
489 3567 550 3638 est,
579 3560 666 3640 cujus
694 3559 830 3626 cadaver,
850 3558 990 3640 populari
1012 3554 1168 3636 sandapila
1189 3570 1246 3632 per

189 3653 375 3734 vespillones
390 3647 581 3740 exportatum
596 3669 690 3743 atque
706 3661 996 3741 ignominiosissime
1016 3656 1170 3740 sepultum
1189 3659 1244 3716 est.
