2634 4434
691 290 762 358 146

620 387 827 400 m

198 531 362 598 interiecta
383 535 607 593 commemorat
641 528 704 592 Sed
725 528 803 592 haec
826 530 957 592 varietas
979 532 1161 610 scriptorum
1185 533 1250 594 uti-

199 651 261 713 que
282 631 401 694 11111111
424 637 481 693 esi.
523 628 673 692 Fallaciae
701 637 803 692 autom
832 647 923 692 causa
952 628 1090 710 prolecto
1116 631 1251 694 adulatio

199 741 246 795 est
272 733 343 794 dum
371 732 499 793 victoris
526 729 633 791 laudes
661 729 871 807 adcumulare,
901 731 1109 810 virtutemque
1136 733 1252 812 patriae

198 829 348 895 extdllere
370 832 421 893 vel
443 829 657 911 praesentibus
679 829 730 892 vel
752 831 882 910 posteris
903 830 1041 894 student:
1066 831 1205 912 alioquin
1227 834 1252 894 si

196 935 364 1014 inquisitus
384 949 447 994 non
473 931 585 993 fuisset
611 947 773 1008 numerus,
803 949 862 994 nee
891 930 1115 1010 qualiscunque
1143 931 1253 996 fuisset

198 1051 369 1114 expressus.
407 1032 497 1106 Quod
519 1031 546 1093 si
567 1031 736 1113 gloriosum
759 1037 807 1092 est
828 1031 899 1094 duci
921 1039 953 1094 11
974 1031 1090 1111 patriae
1105 1031 1253 1112 plurimos

197 1134 330 1196 bostium
358 1134 544 1214 peremisse,
571 1139 686 1211 quante
713 1131 810 1213 magis
838 1131 951 1194 laetum
980 1131 1095 1212 patriae
1124 1141 1155 1199 et
1181 1133 1253 1196 duci

197 1235 320 1295 beatum
348 1242 448 1314 potest
474 1233 574 1295 videri
602 1249 729 1294 suorum
756 1231 807 1296 vel
835 1231 936 1294 nullos
967 1233 1019 1296 vel
1052 1233 1252 1312 paucissimos

199 1329 288 1408 [271]
322 1335 500 1414 perdidisse.
544 1333 588 1395 lta
615 1333 805 1396 lucidissime
832 1339 929 1411 patet,
964 1333 1046 1412 quod
1073 1333 1167 1396 simili
1196 1335 1250 1394 in-

198 1434 343 1512 pudentia
365 1434 533 1496 mentiendi
561 1451 622 1513 qua
649 1434 821 1495 occisorum
847 1431 980 1493 hostium
1008 1450 1137 1495 numero
1167 1433 1250 1514 adji-

198 1535 294 1611 citur,
321 1536 474 1596 sociorum
496 1551 622 1614 quoque
643 1535 824 1609 amissorum
848 1531 956 1594 damna
979 1533 1175 1610 minuuntur,
1198 1533 1252 1594 vel

198 1635 289 1698 etiam
317 1635 441 1695 omnino
463 1636 641 1696 reticentur.
687 1631 784 1714 Igitur
807 1629 1005 1712 Sempronius
1027 1634 1195 1696 Tuditanus
1220 1634 1251 1694 in

197 1733 340 1814 Hispania
362 1734 506 1797 citeriore
528 1733 610 1795 bello
632 1747 806 1814 oppressus,
830 1750 898 1793 eum
921 1735 1004 1796 omni
1027 1733 1166 1816 exercito
1181 1731 1251 1794 lio-

197 1853 286 1896 11111
308 1833 490 1896 interiectus
517 1840 579 1896 est:
609 1831 723 1894 Consul
745 1829 906 1895 Marcellus
929 1835 963 1895 in
983 1831 1106 1895 Etruria
1128 1853 1144 1894 a
1166 1831 1252 1896 Boiis

197 1953 361 2014 oppressus
390 1951 528 2015 magnam
555 1939 672 2012 partem
701 1935 856 1998 exereitus
884 1933 1038 2015 perdidit,
1065 1935 1115 1996 eui
1144 1941 1253 2014 postea

195 2035 304 2098 Furius
326 2036 405 2098 alter
425 2032 533 2096 consul
555 2034 671 2095 auxilio
694 2037 854 2098 accesssit:
884 2043 977 2116 atque
1004 2035 1046 2098 ita
1073 2037 1251 2097 universam

195 2137 339 2208 boiorum
361 2143 485 2217 gentem
508 2133 573 2214 igni
593 2132 740 2216 ferroque
762 2143 929 2214 1111111111,
951 2135 1171 2216 propemodum
1189 2153 1251 2196 us-

196 2255 257 2316 que
279 2238 319 2298 ad
340 2236 468 2298 nibilum
491 2234 682 2298 deleverunt.
725 2237 758 2298 L.
781 2237 902 2300 Valerio
925 2237 1050 2313 Flacco,
1080 2235 1118 2298 11.
1141 2235 1252 2298 Porcio

196 2337 312 2400 Catone
334 2334 528 2413 consulibus,
549 2334 735 2418 1111111111,
762 2355 818 2398 rex
847 2336 970 2416 Syriae,
998 2335 1113 2396 bellum
1143 2343 1252 2398 eontra

195 2437 339 2516 populum
365 2435 533 2497 Romanum
561 2443 683 2498 struens
712 2437 744 2497 in
771 2435 923 2515 Europam
951 2436 1071 2497 transiit
1098 2453 1139 2496 ex
1166 2437 1251 2500 Asia.

195 2539 280 2598 Tune
302 2537 394 2598 etiam
416 2537 551 2599 Annibal
577 2544 701 2616 propter
728 2535 882 2598 excitandi
911 2536 985 2600 belli
1011 2553 1167 2616 rumores,
1194 2540 1251 2617 qui

195 2637 234 2698 de
257 2654 295 2698 eo
317 2638 395 2717 apud
418 2637 569 2699 llomanos
591 2636 775 2698 serebantur
796 2636 935 2697 exbiberi
950 2636 1076 2697 Romam
1098 2655 1116 2698 1
1138 2645 1250 2700 111111

190 2737 313 2816 jussus,
342 2738 418 2800 elam
447 2756 488 2800 ex
509 2735 615 2797 Africa
641 2733 797 2814 proiectus
819 2735 857 2797 ad
878 2735 1064 2798 Antiochum
1088 2738 1248 2818 migravit:

196 2855 287 2918 quem
310 2858 380 2901 cum
406 2837 486 2916 apud
514 2835 667 2915 Ephesum
695 2836 865 2898 invenisset
892 2843 1088 2899 cunctantum
1117 2854 1188 2898 mox
1216 2840 1249 2900 in

194 2939 309 3001 bellum
336 2936 455 3015 inpulit.
498 2936 584 2996 Tune
610 2935 702 2996 etiam
731 2936 797 3015 111,
826 2955 905 3016 quae
932 2937 969 2999 ab
998 2936 1095 3017 Oppio
1123 2937 1249 2999 tribuno

194 3039 294 3118 plebis
314 3037 375 3098 lata
397 3035 514 3112 iuerat,
536 3053 577 3096 ne
604 3053 665 3116 qna
694 3037 804 3098 mulier
832 3039 900 3118 plus
928 3056 1018 3119 quam
1046 3037 1249 3100 semiunciam

194 3139 261 3198 auri
283 3135 422 3214 baberet,
443 3153 525 3198 neve
546 3135 729 3198 versicolori
749 3139 934 3200 vestimento
956 3156 1015 3200 nee
1033 3137 1177 3200 vehiculo
1192 3155 1250 3218 per

195 3237 307 3299 Urbem
329 3243 469 3299 uteretur
490 3243 559 3316 post
584 3236 695 3318 viginti
723 3255 820 3300 annos
847 3237 992 3319 abrogata
1019 3245 1074 3300 111
1118 3237 1149 3299 P.
1174 3237 1247 3300 Sei·

194 3338 287 3416 piene
319 3336 465 3399 Africano
497 3338 625 3415 iterum,
654 3339 697 3400 Ti.
727 3320 907 3417 Sempronio
934 3337 1040 3420 Longo
1067 3337 1248 3400 consulibus

194 3437 275 3515 apud
301 3435 505 3498 Mediolanum
534 3437 642 3502 decem
671 3436 765 3500 millia
792 3435 946 3500 Gallorum
973 3454 1076 3502 eaesa:
1102 3438 1249 3518 sequenti

108 3586 111 3591 a
194 3543 296 3597 1111111
320 3537 435 3616 praelio
457 3539 599 3600 undecim
623 3537 717 3600 millia
740 3537 909 3615 Gallorum,
939 3537 1143 3601 Romanorum
1172 3555 1248 3598 vero

195 3633 281 3719 [272]
305 3639 442 3719 quinque
465 3639 559 3700 millia
581 3639 682 3700 occisa
704 3645 785 3700 sunt.
822 3638 946 3700 Publius
968 3639 1102 3721 Digitius
1125 3644 1249 3716 praetor

195 3743 226 3800 in
248 3738 392 3817 Hispania
414 3739 559 3800 citeriore
581 3755 679 3816 paene
706 3753 827 3798 omnem
856 3739 956 3800 amisit
983 3731 1164 3801 exereitum.
1209 3735 1246 3798 ld.

194 3838 318 3900 Fulvius
348 3843 470 3917 praetor
499 3834 670 3899 Celtiberos
703 3854 772 3896 cum
806 3839 951 3917 proximis
983 3839 1128 3920 gentibus
1162 3838 1247 3913 vicit,

194 3955 363 4018 regemque
386 3953 492 3998 eorum
520 3935 608 4014 cepit.
654 3936 806 4000 Minucius
834 3959 851 4003 a
878 3939 1042 4020 liguribus
1072 3940 1104 4001 in
1136 3944 1246 4000 entre-
