2634 4434
542 302 613 372 133

472 401 679 414 Ἦ

378 551 587 693 fcpnt
636 553 776 662 Xlll·
1014 595 1103 678 [248]

55 771 106 841 lie
125 771 266 841 interito
286 769 471 841 Amilcoris
492 778 530 840 et
547 770 633 841 detto
660 771 896 842 Rcmooorum
917 775 954 842 io
969 765 1107 864 Illyrios

55 877 194 962 mosque
227 890 348 942 omisa·
389 871 447 941 lle
474 872 559 943 dello
585 876 623 942 io
645 870 767 943 Gallos
787 872 998 965 ciromines,
1026 880 1105 950 item

53 979 87 1044 io
113 975 284 1044 immores
314 969 446 1044 Gades.
488 971 546 1043 De
573 975 742 1061 prodipiis
773 975 891 1043 coriis.
934 974 991 1047 De
1016 999 1107 1052 oooo

225 1073 407 1147 Gallorum
434 1075 532 1144 clodo
560 1078 713 1160 belloque
739 1073 776 1143 lo
798 1073 924 1144 Istros.

132 1250 227 1312 Anno
248 1248 287 1312 ab
310 1248 392 1312 Urbe
414 1247 538 1312 condita
558 1245 678 1310 DXVll.
701 1247 854 1325 Amilcar,
879 1248 952 1312 Dux
974 1251 1107 1318 Cartha..

49 1351 248 1432 piniensium,
268 1349 307 1411 cb
328 1348 471 1430 Hispanis
490 1349 525 1412 in
546 1347 641 1426 bello,
663 1363 733 1412 oum
756 1347 840 1411 aliod
862 1349 1105 1419 befiumadver-

49 1468 100 1513 sus
120 1451 277 1513 Romanos
297 1449 376 1511 elem
408 1458 548 1530 peraret,
580 1450 702 1513 occisus
735 1456 790 1512 est
841 1448 991 1531 Sequenti
1023 1471 1107 1522 anno

48 1550 148 1632 legati
174 1549 381 1612 Romanorum
412 1549 450 1612 ab
482 1549 596 1630 illyriis
626 1548 783 1611 interfecti
816 1558 897 1612 sunt.
940 1553 1011 1617 Post
1036 1571 1107 1621 otini

48 1652 124 1732 ipsis
147 1649 261 1730 illyriis
282 1639 507 1712 aooemsimum
528 1648 643 1710 beilum
665 1657 786 1729 gestum
808 1657 868 1729 est,
889 1651 922 1712 in
943 1669 1005 1732 qno
1020 1658 1106 1718 mni·-

49 1752 86 1813 tis
107 1749 231 1831 oppidis
252 1749 436 1829 populisque
457 1749 567 1812 deletis
588 1748 703 1828 reliqui
724 1764 759 1811 se
784 1747 892 1812 Fulvio
906 1750 1104 1817 Postbumic-

50 1869 110 1930 que
133 1848 314 1913 consulibus
336 1849 529 1912 dediderunt.
566 1848 670 1911 'fertio
693 1848 839 1929 deinceps
860 1867 942 1912 anne
965 1853 1106 1918 miseram

51 1951 209 2014 civitatem
237 1948 400 2030 sacrilegis
430 1947 589 2011 sacrificiis
621 1948 701 2011 male
733 1955 875 2030 potentes
907 1950 1107 2020 funestavere

50 2049 224 2130 pontifices,
238 2067 373 2130 namque
387 2049 567 2126 decemviri,
584 2050 839 2112 consuetudinem
854 2052 974 2132 priscae
989 2071 1105 2135 super-

49 2152 184 2213 stitionis
204 2150 360 2232 adgressi,
389 2149 510 2212 Gallum
530 2151 631 2212 virum
655 2157 687 2212 et
710 2149 825 2212 Gallam
848 2149 1013 2214 foeminam
1036 2171 1106 2218 oum

50 2251 181 2314 muliere
202 2249 294 2314 simul
309 2249 426 2314 Graeca
441 2251 474 2312 in
489 2249 557 2312 fore
571 2250 679 2312 boario
694 2251 783 2312 vivos
799 2249 990 2314 defoderunt.
1015 2251 1106 2333 [sto]

51 2351 114 2414 sed
141 2340 384 2434 obligamentum
411 2351 471 2413 boc
498 2353 651 2432 magicum
679 2351 926 2414 incontrarium
958 2356 1107 2419 continuo

49 2460 175 2516 versem
190 2459 246 2515 est
283 2451 423 2532 Namque
444 2451 525 2513 diras
547 2452 626 2527 illes,
647 2467 724 2528 quas
741 2447 890 2526 fecerant,
908 2459 1106 2516 externorum

49 2560 178 2631 mortes,
201 2551 387 2614 foedissimis
408 2567 535 2613 suorum
557 2549 704 2612 caedibus
718 2549 933 2632 expiaverunt,
953 2552 1107 2632 siquidem
1235 2611 1246 2621 ,

50 2653 83 2715 t.
106 2652 242 2716 Aemilio
263 2654 343 2734 Papo
366 2651 397 2715 C.
418 2650 515 2715 Atilio
536 2649 658 2732 Regulo
679 2647 863 2712 Consulibus
895 2667 1003 2734 magna
1037 2653 1107 2718 fer-

50 2754 169 2818 midine
182 2759 395 2816 consternatus
409 2756 459 2815 est
470 2759 597 2814 senatus
609 2750 785 2815 defectione
798 2751 969 2830 Cisalpinae
981 2751 1108 2834 Galliae,

51 2871 121 2915 cum
144 2855 238 2916 etiam
259 2871 301 2916 ex
322 2853 471 2915 ulteriore
491 2851 589 2915 Gallia
617 2854 730 2935 ingens
759 2851 926 2914 adventare
951 2853 1109 2920 exercitus

51 2957 265 3033 nunciaretur,
286 2955 419 3016 maxime
437 2951 648 3032 Gaesrtornm,
671 2953 754 3034 quod
775 2966 889 3016 nomen
912 2957 1109 3036 nongentis,

51 3057 106 3117 sed
129 3053 391 3116 mercenariorum
406 3050 561 3116 Gallorum
583 3061 639 3116 est.
675 3053 782 3132 itaque
804 3054 935 3133 permoti
964 3057 1110 3122 consules

51 3157 148 3218 totius
170 3154 277 3217 ltaliae
298 3153 337 3215 ad
358 3153 545 3233 praesidium
567 3153 688 3232 imperii
711 3159 893 3214 contraxere
915 3155 1006 3218 vires.
1040 3158 1109 3229 Quo

51 3254 134 3318 facto
156 3256 189 3318 in
212 3255 375 3334 utrimque
397 3254 534 3316 consulis
560 3252 700 3316 exercitu
728 3253 904 3331 octingenta
933 3251 1026 3316 millia
1053 3270 1109 3319 ar·-

51 3363 203 3418 matorum
238 3353 337 3418 fuisse
371 3353 566 3432 referuntur,
598 3354 678 3416 sient
700 3351 810 3414 Fabios
842 3351 1022 3434 historicus,
1056 3358 1111 3440 qtti
1159 3401 1163 3408 ‚

51 3456 154 3517 eidem
182 3454 267 3518 bello
287 3454 439 3533 interfuit,
465 3453 595 3534 scripsit
639 3452 686 3515 lix
713 3453 825 3533 quibus
847 3453 1050 3520 Romanorum
1080 3464 1112 3520 et

52 3555 277 3636 compunctum
308 3554 435 3619 fuerunt
466 3556 603 3636 peditum
635 3561 774 3618 mecenio
807 3555 1008 3638 quadraginta
1041 3565 1111 3620 octo

52 3642 154 3718 millio
172 3656 316 3733 ducenti,
344 3657 485 3737 equitum
510 3673 586 3718 vero
613 3655 725 3738 viginti
751 3672 808 3718 sex
834 3655 928 3717 miliia
953 3657 1108 3718 sexcenti:

53 3762 159 3818 cetere
188 3755 354 3819 multitudo
382 3758 535 3820 sociorum
567 3755 635 3818 fuit
681 3755 861 3838 Commissox
881 3751 998 3834 praelio
1029 3754 1111 3834 apud

53 3852 186 3918 Aretom
214 3857 330 3920 Atilius
356 3859 463 3920 consul
485 3858 606 3920 cccmus
628 3863 691 3918 est:
727 3855 904 3934 octingenta
925 3851 1019 3914 miliia
1041 3853 1108 3918 lio-
1163 3923 1164 3928 ,

53 3969 226 4034 manorum,
247 3975 307 4021 nec
318 3957 426 4021 saltem
449 3965 542 4034 tante,
558 3963 672 4035 quanto
688 3971 742 4018 ecs
758 3961 875 4016 terrere
890 3951 1006 4032 debuit,
1024 3951 1110 4035 [950]

916 4065 954 4116 9Ἂ
