2634 4434
467 351 670 460 *jo*

388 583 581 721 llaput
631 579 753 692 Xll.

58 787 199 857 Vererer
219 805 287 852 rear
301 783 445 872 Aepypli
459 783 609 872 Scythas
631 784 716 851 delto
737 783 917 871 lustratam,
939 790 1096 862 vescitur.

220 967 222 970 ,
271 885 424 974 Scythae
445 884 566 953 Acium
587 886 652 953 sihi
672 887 866 970 subjiciunt.

126 1048 218 1110 Anno
240 1055 311 1110 ante
333 1047 446 1109 Urbem
468 1046 621 1109 conditam
638 1044 852 1108 dccccxxx.
873 1044 1016 1130 Vesores,
1038 1072 1097 1118 rex

49 1145 193 1230 Aegypti,
226 1148 384 1210 meridiem
418 1153 450 1209 et
481 1147 740 1226 septentrionem,
773 1146 887 1233 dinisas
919 1166 999 1228 pene
1031 1161 1096 1220 toro

48 1249 130 1310 coelo
153 1267 189 1310 ao
212 1249 320 1330 pelago
343 1248 458 1328 plagas,
481 1253 533 1307 ant
556 1246 687 1307 miscere
709 1245 802 1323 hello,
824 1253 878 1308 ant
899 1265 998 1330 regno
1014 1255 1095 1335 jun.

47 1367 116 1428 gere
140 1348 284 1424 studenS,
314 1347 434 1428 Scythis
463 1346 577 1408 bellum
600 1347 716 1427 primus
738 1347 864 1425 indixit,
888 1348 990 1413 missis
1011 1357 1097 1434 prins

46 1446 170 1529 legatis,
205 1449 257 1528 qui
289 1447 428 1510 hostibus
459 1447 586 1527 parendi
619 1447 706 1528 leges
739 1447 886 1511 dicerent.
934 1450 984 1513 Ad
1016 1473 1098 1536 queo

47 1546 178 1629 Scythae
199 1547 309 1626 legatis
327 1547 563 1627 responderunt,
585 1546 697 1609 stolido
712 1548 974 1629 opulentissimum
991 1572 1098 1638 regom

45 1648 196 1710 adversus
228 1647 337 1724 inopes
369 1645 515 1707 sumsisse
547 1646 680 1724 bellum,
716 1649 798 1726 quod
834 1650 1003 1713 timendum
1040 1657 1098 1738 ipsi

45 1749 140 1830 magis
163 1761 255 1809 versa
283 1745 352 1808 vice
379 1742 490 1826 luerit,
522 1751 647 1825 propter
679 1747 813 1809 incertos
844 1746 919 1810 belli
951 1762 1098 1819 eventus:

43 1849 125 1911 nulla
148 1847 301 1928 praemia,
329 1851 361 1907 et
389 1844 498 1906 damna
527 1843 697 1908 manifesta.
740 1847 833 1908 Porro
858 1847 918 1910 sihi
946 1867 1008 1914 non
1035 1874 1097 1918 ex·

43 1947 239 2026 pectendum,
262 1945 333 2007 dum
355 1945 393 2006 ad
413 1962 448 2007 se
469 1947 621 2023 veniatur,
644 1946 699 2009 scd
722 1947 802 2008 nltro
822 1949 955 2027 praedae
975 1953 1098 2024 obviam

43 2049 148 2112 ituros.
194 2045 258 2108 Neo
281 2063 379 2122 mora,
402 2062 471 2106 nam
495 2043 685 2131 dictadsactis
707 2045 920 2128 insequuntur.
965 2052 1098 2122 Primum

44 2149 142 2227 ipsum
166 2145 314 2209 Vesorem
337 2147 475 2207 territum
497 2144 643 2226 reingere
666 2147 697 2207 in
719 2165 848 2228 regnum
876 2160 1007 2231 cogunt:
1036 2157 1097 2219 de-

43 2250 185 2310 stitutum
212 2265 287 2309 nero
318 2246 487 2309 exercitum
515 2246 679 2323 invadunt,
712 2264 898 2328 omnemque
930 2251 1004 2316 belli
1037 2258 1098 2320 ad-

42 2335 183 2428 paratum
206 2354 384 2427 capessunt,
407 2345 582 2408 universam
605 2363 731 2426 qnoque
752 2348 926 2429 Aegyptum
948 2356 1098 2434 populas.

43 2458 127 2532 sent,
167 2450 228 2510 nisi
258 2447 420 2530 paludibus
453 2447 598 2525 inpediti,
631 2446 864 2525 repellerentur.
922 2449 997 2512 lnde
1031 2451 1099 2534 [ot]

44 2551 195 2610 continuo
229 2549 363 2624 reversi,
405 2545 603 2626 perdomitam
636 2543 768 2622 ,induitis
805 2543 951 2609 caedibus
985 2553 1102 2638 Asiam,

44 2649 231 2732 vectigalem
253 2647 374 2711 fecere:
404 2645 459 2708 uhi
481 2662 536 2724 per
557 2643 618 2709 XV.
641 2661 739 2706 annos
760 2645 829 2708 sine
850 2664 926 2726 poce
947 2650 1100 2735 immorati,

44 2751 170 2812 tandem
195 2767 325 2810 uxorum
348 2747 536 2829 flagitatione
558 2751 756 2822 revocantur,
777 2746 1045 2833 denunciantium,
1068 2759 1101 2820 ni

41 2851 186 2928 redeant,
209 2850 347 2912 sobolem
369 2865 403 2911 se
426 2865 443 2909 a
466 2845 602 2948 finitimis
625 2847 824 2927 quaesituras.

386 3133 594 3271 *capnt
650 3129 743 3238 tlt.

206 3342 422 3412 Amazonum
446 3344 557 3428 oropo,
586 3359 703 3408 mores
730 3343 763 3404 et
780 3337 948 3426 fachcoro.

131 3501 235 3563 hledio
251 3511 352 3566 autem
374 3511 522 3581 tempore,
544 3500 624 3581 apud
641 3497 767 3581 Scythas
790 3498 851 3562 duo
872 3501 952 3584 regii
969 3505 1104 3585 juvenes

36 3605 160 3686 Plynos
194 3609 226 3664 et
260 3601 477 3686 scolopythus,
514 3620 571 3681 per
606 3600 770 3663 factionem
804 3602 981 3682 optimatum
1013 3606 1104 3668 domo

35 3705 137 3784 pulsi,
160 3705 320 3786 ‘ingentem
340 3707 535 3787 juventutem
556 3720 662 3765 secum
684 3709 818 3781 traxere,
841 3709 873 3765 et
891 3703 923 3765 in
940 3704 1102 3784 Cappado-

35 3807 108 3867 ciae
122 3805 279 3886 Pontique
294 3822 347 3868 ora
359 3808 448 3888 Juxta
463 3822 582 3866 amnem
595 3803 871 3866 Thermodoontem
886 3802 1103 3886 consederunt,

35 3907 164 3987 campis
180 3903 398 3986 Themiscyriis
420 3907 479 3968 sibi
501 3905 665 3987 subjectis:
689 3904 744 3966 uhi
766 3905 817 3967 din
839 3903 977 3983 proxima
1000 3922 1101 3983 qnae-

33 4025 102 4088 que
130 4006 288 4088 populati,
311 4008 537 4088 conspiratione
559 4005 754 4068 finitimorum
777 4020 834 4081 per
854 4000 980 4063 insidias
1002 4008 1103 4066 truci·

935 4115 951 4164 3
