2634 4434
208 608 295 694 [roo]
575 572 773 710 bapti
822 569 895 682 Vl.

207 793 340 882 Cyrus„
368 791 449 857 Rex
481 789 688 873 Persarum,
720 796 828 860 lotum
858 788 1033 856 Orientem
1063 792 1260 873 populatur,

207 895 415 982 Babylonem
436 892 556 959 urbem
570 895 833 962 munitissimum
848 894 950 977 capit,
965 888 1134 960 Croesum
1147 893 1259 957 uincit.

292 1066 390 1147 Igitur
416 1063 525 1126 eodem
553 1071 692 1145 tempore
719 1063 833 1146 Cyrus,
866 1063 934 1125 Rex
960 1063 1135 1139 Persarum,
1168 1079 1261 1141 quem

208 1169 350 1249 superius
365 1164 565 1244 explicandae
580 1163 728 1228 historiae
750 1182 841 1227 eausa
864 1180 1184 1239 commemora-veram,
1208 1164 1262 1243 qui

208 1277 283 1332 tunc
304 1267 419 1341 Asiam,
443 1264 608 1345 Scythiam,
632 1271 791 1346 totumque
806 1265 969 1349 ¹Orientem
992 1265 1085 1326 armis
1105 1281 1262 1346 pervaga-

208 1370 308 1444 batur,
331 1384 401 1428 cum
423 1365 606 1444 Tarquinius
629 1364 791 1446 Superbus
809 1365 921 1426 Urbem
943 1365 994 1427 vel
1015 1382 1072 1426 rex
1093 1363 1144 1427 rel
1166 1363 1263 1426 bostis

208 1476 262 1532 aut
283 1467 415 1529 servitio.
439 1465 597 1545 premebat
623 1473 677 1527 aut
703 1465 801 1543 bello,
829 1464 929 1547 Gyras
953 1466 1000 1544 tut
1027 1464 1103 1541 dixi)
1130 1465 1262 1539 cunetis,

208 1569 371 1631 adversum
400 1583 476 1646 quos
504 1567 596 1643 ierat,
627 1567 822 1647 perdomitis,
844 1565 988 1648 Assyrios
1011 1573 1043 1628 et
1063 1565 1263 1646 Babyloniam

208 1670 301 1749 petit,
335 1673 461 1747 gentem
492 1665 663 1748 urbemque
689 1675 765 1729 tune
790 1669 911 1729 cunctis
936 1667 1175 1747 opulentiorem:
1208 1666 1264 1728 sed

208 1771 355 1847 impetum
378 1767 447 1848 ejus
476 1763 599 1846 Gyndes
627 1766 755 1844 fluvius,
788 1767 943 1828 secundae
975 1772 1044 1844 post
1075 1764 1264 1844 Euphratem

209 1867 443 1948 magnitudinis,
471 1867 641 1946 intercepit.
690 1865 765 1926 lium
792 1882 887 1925 unum
914 1865 1070 1944 regiorum
1098 1882 1264 1944 equorum,

209 1967 347 2030 candore
371 1964 531 2045 formaque
558 1965 778 2041 excedentem,
811 1963 1018 2026 transmeandi
1045 1961 1157 2026 fiducia
1184 1984 1264 2046 per·

205 2066 298 2142 {tot}
322 2082 461 2140 suasum,
484 2081 544 2142 qua
567 2081 622 2142 per
641 2081 784 2143 rapacem
805 2062 927 2126 alveum
949 2063 1060 2126 cilensi
1081 2065 1161 2126 vado
1184 2084 1265 2127 vor-

209 2169 288 2230 tices
312 2164 545 2240 attollebantur,
579 2162 754 2244 abreptum,
782 2165 1076 2245 praecipitatumque
1104 2174 1266 2229 merserat.

207 2268 274 2330 Rex
296 2268 395 2327 iratus
413 2264 520 2325 ulcisci
544 2265 575 2324 in
598 2281 718 2326 amnem
740 2266 861 2341 statuit,
888 2270 1064 2326 contestans
1091 2283 1178 2342 eum,
1206 2268 1265 2346 qui

207 2383 290 2428 nunc
312 2372 373 2426 tam
394 2363 584 2444 praeclarum
607 2381 721 2444 equum
743 2364 924 2442 voravisset,
947 2363 1075 2431 seminis
1089 2367 1143 2428 uix
1156 2383 1266 2446 genua

207 2465 399 2548 tingentibus
431 2464 650 2545 permeabilem
683 2463 930 2544 relinquendum.
987 2463 1053 2527 Nec
1085 2467 1265 2547 peragendo

207 2568 347 2648 segnior,
384 2567 458 2628 totis
492 2567 588 2645 copiis
621 2565 741 2646 perpeti
772 2581 854 2627 anno
885 2561 1014 2645 Gynden
1046 2565 1171 2628 fluvium
1205 2585 1266 2648 per

207 2682 335 2746 magnas
362 2665 517 2726 concisum
546 2663 775 2744 deductumque
807 2662 921 2742 fossas,
953 2665 986 2727 in
1019 2667 1265 2748 quadringentos

207 2767 368 2847 sexaginta
396 2764 501 2827 niveos
529 2764 717 2826 comminuit.
760 2762 805 2825 Eo
833 2780 928 2843 opere
954 2767 1127 2846 praeductis
1153 2766 1262 2830 iosso-

205 2866 307 2942 ribus,
344 2867 436 2926 etiam
469 2862 654 2945 Euphmtem
687 2864 780 2945 longe
811 2865 1032 2930 validissimum
1064 2875 1099 2930 et
1128 2868 1263 2931 mediam

207 2965 405 3044 Babyloniam
434 2963 679 3042 interfluentem,
707 2964 866 3029 derivavit.
920 2967 967 3028 Ae
998 2968 1043 3030 sic
1077 2969 1262 3034 meabilibus

207 3065 293 3125 vadis
322 3065 454 3139 siecum,
484 3064 575 3124 otiam
603 3063 778 3142 patentibus
803 3064 885 3128 alvei
911 3067 1064 3147 partibus,
1086 3070 1147 3131 iter
1167 3068 1260 3134 fecit:

207 3164 353 3244 cepitque
373 3162 491 3240 urbem,
515 3181 604 3242 quam
627 3162 678 3225 vel
700 3163 833 3226 bumano
855 3182 948 3245 opere
971 3170 1088 3231 exstrui
1110 3171 1261 3251 potuisse,

208 3260 298 3338 [tbi]
327 3263 378 3326 vel
405 3262 538 3331 humana
559 3264 674 3327 virtute
695 3265 812 3328 destrui
833 3282 941 3345 posse,
968 3275 1134 3350 utrumque
1160 3289 1261 3350 paene
1303 3278 1304 3283 ’

207 3362 389 3426 incredibile
421 3363 502 3443 apud
533 3364 677 3427 mortales
709 3372 783 3427 erat.
839 3364 1208 3451 Namquexeauytontam
1242 3389 1261 3432 a

206 3461 340 3524 Nemrod
360 3463 485 3545 gigante
508 3464 675 3541 fundatam,
698 3482 715 3526 a
736 3463 817 3528 ttinc
840 3466 890 3529 vel
905 3467 1106 3532 Semiramide
1128 3489 1260 3552 repara·

206 3569 277 3640 tam,
301 3563 387 3625 multi
409 3565 579 3644 prodidere.
625 3564 717 3642 Haec,
746 3568 845 3647 campi
867 3567 994 3647 planitie
1015 3570 1154 3651 undique
1177 3589 1260 3634 eon-

205 3665 329 3742 spicua,
356 3672 464 3728 natura
490 3666 551 3726 leci
580 3665 767 3742 laetissima,
791 3673 960 3730 castrorum
986 3669 1067 3733 lucie
1095 3672 1261 3735 moenibus
1300 3620 1303 3783 Ι

205 3763 329 3842 paribus
351 3782 406 3842 per
428 3763 576 3842 quadrum
599 3764 766 3844 dispositae
789 3785 945 3830 murorum
974 3773 1042 3852 ejus
1068 3772 1122 3834 vix
1150 3772 1260 3836 credi·
1300 3786 1301 3789 ’

112 3853 118 3861 ’
204 3861 275 3924 bilis
297 3862 395 3924 relatu
418 3860 543 3924 firmitas
565 3869 597 3925 et
619 3865 812 3945 magnitudo,
834 3868 866 3930 id
887 3875 950 3948 est,
978 3869 1140 3934 latitudine
1163 3872 1259 3934 cubi-

205 3967 313 4026 tmum.
339 3960 576 4064 quinquaginta,
609 3964 770 4030 altitudine
802 3976 912 4050 quater
942 3977 1035 4036 tanta
1094 3970 1260 4036 Caeterum
