2634 4434
543 346 616 415 213

476 447 684 459 ψ

52 578 163 658 inquit,
185 578 273 643 arona·
284 576 395 661 jubel,
418 594 491 659 cor,
513 580 546 645 ei
568 580 664 659 caue,
694 580 741 645 dii
766 580 881 663 patrii,
905 598 1040 661 precor,
1067 588 1108 649 ot
1189 605 1192 609 ⁴

51 680 257 763 pumtdopue
276 682 313 745 el
333 680 409 764 ipae
428 678 520 747 berec
540 698 658 747 vocene
683 700 707 746 o
731 680 849 746 utcu
874 682 952 746 auis
978 684 1109 749 mutet

51 779 224 861 Statimque
253 782 447 845 descendens
473 784 510 847 ad
538 800 669 861 uxores,
700 782 826 863 pellices
852 800 892 844 ac
925 782 1003 845 lilius
1037 799 1108 847 suos

51 882 373 945 venenum-omnibus
395 883 486 948 dedit.
524 884 613 959 Quod
636 902 705 946 cum
729 886 795 965 ipse
817 885 1002 946 nouissimos
1024 883 1107 946 bau-

50 982 158 1059 aisset,
179 1000 240 1044 nec
261 990 363 1045 tamen
386 992 509 1067 propter
530 986 683 1062 remedia,
705 985 823 1064 ouibus
842 983 949 1046 vitalia
969 973 1025 1047 sua
1043 983 1108 1047 ad-

49 1098 160 1151 versus
189 1084 299 1146 noxios
327 1102 439 1147 succos
472 1103 564 1165 saepe
598 1086 809 1162 obstruxerat,
841 1100 964 1145 veneno
997 1084 1109 1148 condci

49 1190 171 1270 posset,
193 1182 370 1266 frustraque
392 1187 592 1267 spatiaretur,
614 1186 641 1247 si
660 1202 727 1265 ouo
746 1184 871 1247 tandem
894 1184 985 1245 modo
1004 1184 1109 1249 minsa
1184 1270 1186 1275 Ι

50 1285 145 1362 pestis
161 1301 217 1364 per
230 1303 327 1348 venes
342 1288 538 1369 vegetatione
551 1287 687 1364 corporis
698 1292 765 1348 acta
778 1285 975 1362 discurreret,
986 1284 1109 1349 Gallum

50 1384 206 1462 quendam
236 1385 363 1447 militem
390 1389 450 1469 Jam
478 1387 574 1449 fracto
597 1403 685 1448 muro
711 1386 934 1447 discurrentem
956 1386 1108 1467 invitavit,

48 1484 146 1562 eique
175 1484 317 1563 jugulum
351 1488 498 1565 praebuit.
544 1488 632 1548 Hunc
662 1488 777 1548 exitum
806 1487 889 1547 vitae
917 1484 1108 1550 Mithridates
1138 1492 1304 1580 ‘deppam

46 1581 175 1659 babuit,
206 1582 358 1664 nobisque
380 1588 552 1647 sententiae
574 1604 648 1646 suae
672 1585 869 1647 fortissimum
892 1604 990 1664 argu·
1015 1584 1106 1663 [382]

48 1689 189 1744 mentum
212 1682 349 1762 reliquit,
372 1682 464 1745 homo
483 1685 629 1763 omnium,
653 1684 815 1763 ullarum,
838 1687 1107 1765 superstitiosissi-
1128 1690 1169 1781 ἦ
1182 1662 1305 1795 Q?

48 1800 134 1861 mus,
157 1800 255 1844 annos
278 1790 367 1845 natus
389 1787 583 1867 septuaginta
605 1774 964 1886 nu0s‚1hanenssecum
987 1802 1109 1867 semper
1130 1778 1305 1892 4010>th

48 1882 262 1962 philosophos,
296 1886 495 1966 omniumque
529 1886 637 1947 artium
672 1872 880 1966 peritissimos.
935 1880 979 1949 st
1010 1888 1108 1967 estio,
1145 1930 1148 1933 -

50 1984 169 2064 inquit,
192 1983 240 2049 dte·
259 1984 376 2065 patrii.
425 1985 468 2048 lta
490 1986 543 2049 ille
564 1987 619 2049 din
642 1986 773 2049 colendo
794 2002 830 2049 ac
853 1987 905 2049 diu
928 1990 1107 2067 quaerendo

50 2091 255 2163 persenserat,
276 2085 333 2147 hos
348 2104 411 2149 non
426 2104 497 2149 esse
512 2094 613 2151 cernes
629 2088 722 2164 Deos,
744 2088 799 2167 qui
820 2104 891 2174 esse
912 2088 1106 2168 putabantur.

49 2182 118 2245 Rex
138 2183 487 2265 mullee'experientiae
509 2194 602 2267 etque
623 2205 701 2249 ucvo
726 2188 833 2267 gravis
859 2203 968 2270 verum
996 2189 1107 2268 Deum,

50 2284 87 2345 ed
111 2285 199 2365 cujus
221 2286 360 2347 notitiam
382 2302 445 2349 non
467 2287 527 2349 nisi
549 2288 655 2365 auditu
676 2304 734 2365 per
758 2285 850 2347 idem
874 2289 1016 2364 venitur,
1044 2299 1108 2351 bon

50 2366 260 2464 intelligebat
297 2385 360 2447 llos
388 2392 490 2447 autem
518 2385 612 2447 falses
646 2404 715 2448 esec
746 2388 875 2447 rationis
906 2387 1004 2465 ipsius
1037 2388 1108 2451 luce

51 2484 243 2563 pervideret,
272 2483 356 2545 aliud
378 2484 613 2559 consuetudini,
635 2484 720 2545 aliud
741 2487 838 2545 menti
860 2501 934 2546 snae
958 2487 1108 2564 tribuens,

52 2579 93 2648 Si
116 2585 223 2663 esti&
246 2584 362 2663 inquit,
381 2571 448 2661 'deu
476 2581 535 2645 boc
563 2589 610 2643 est
635 2582 757 2660 dicere,
780 2600 839 2665 ego
858 2584 1014 2646 sentiens:
1037 2602 1109 2648 esse

52 2701 146 2765 snper
167 2684 322 2746 hominem
348 2684 549 2763 potentiorem
573 2684 638 2763 ipso
661 2682 785 2745 bomine
810 2688 1007 2765 potestatem,
1030 2703 1108 2766 prc-

13 2776 14 2785 ’
53 2786 143 2848 caudi
171 2785 358 2847 necessitate
384 2791 483 2847 motus
512 2782 695 2847 commendo
717 2784 906 2865 diligentiam
934 2792 967 2845 al
990 2802 1110 2849 cucuso

53 2884 257 2964 ignorantiam
275 2900 383 2949 meana
417 2884 543 2963 lnruco,
558 2886 613 2965 oui
628 2891 686 2962 est,
707 2884 781 2947 dum
796 2886 961 2962 convenio,
975 2888 1031 2966 qui
1046 2903 1109 2950 non

55 2992 110 3047 est.
143 2986 339 3065 *Quapropter
361 3002 430 3047 cum
453 2986 559 3048 dolore
581 2993 615 3048 et
635 2986 746 3049 timore
765 2985 1025 3049 considerandum
1048 2996 1109 3067 est,

56 3102 115 3163 qua
138 3102 252 3164 poena,
276 3102 379 3165 quove
396 3085 515 3166 judicio
535 3088 624 3167 digni
653 3094 761 3163 erunt,
787 3088 843 3165 qui
870 3094 976 3148 centn
1005 3088 1108 3151 inter·

57 3184 84 3245 d·
141 3203 169 3247 m
187 3186 250 3265 jam
272 3184 446 3265 propalatae
469 3192 501 3247 et
521 3185 696 3265 ¹publicatae
716 3186 857 3247 veritatis
874 3202 932 3247 cns
951 3194 1111 3249 nectantur

58 3290 88 3345 el
119 3285 225 3347 colunt
254 3286 346 3363 deos,
379 3286 419 3348 de
447 3285 559 3366 quibus
585 3286 680 3347 utiam
707 3284 761 3345 ille
783 3286 846 3363 jam
869 3292 947 3345 tunc
968 3284 1110 3354 debitae

58 3392 188 3463 poterat,
228 3387 282 3465 qui
311 3385 414 3449 adhue
445 3393 567 3465 praeter
600 3385 726 3447 eosdem
756 3385 839 3446 scire
872 3383 949 3446 nibil
983 3395 1110 3465 potarat

58 3482 272 3549 Verumtamen
306 3486 442 3549 breuiter
475 3485 620 3563 consulo,
655 3484 757 3565 qualia
789 3492 863 3547 tuuc
895 3486 951 3547 toti
981 3486 1109 3551 Oriente

60 3588 192 3665 tempore
214 3586 415 3665 videbantur,
445 3600 514 3649 cum
542 3603 597 3665 per
625 3585 826 3667 quadraginta
852 3603 952 3649 annos
978 3590 1110 3649 miserae

61 3686 197 3747 nationes
220 3686 345 3749 alternis
367 3687 520 3749 tentorum
544 3688 655 3749 ducum
678 3686 899 3749 vastationibus
913 3685 1108 3747 terebanturr

61 3800 125 3847 oum
148 3804 291 3867 quaeque
314 3788 422 3849 ciritae
442 3789 536 3851 tantis
558 3787 760 3849 concuosibus
776 3783 999 3847 mediainevi·
1021 3779 1109 3865 [383]

61 3883 191 3947 labiliter
212 3886 450 3967 periclitabatur,
471 3887 546 3949 inde
568 3903 737 3949 accensura
756 3884 898 3957 numu,
921 3880 1004 3943 unde
1024 3881 1109 3945 alte-

61 3999 125 4047 rum
146 3992 360 4068 temperasset:
387 3988 446 4049 boc
469 4004 540 4047 mox
560 3986 702 4048 habitura
723 3979 875 4061 supplicii,
898 3978 981 4057 quod
1002 3996 1107 4046 remo·

901 4092 958 4143 14*
