2634 4434
466 297 470 304 '
583 295 586 301 ’
621 323 623 326 ·
706 296 750 369 ta

195 555 340 614 mensem,
363 535 401 597 ab
424 553 501 598 euro
523 543 553 597 et
577 523 705 597 meridie
720 532 950 597 Narbonensem
971 528 1158 614 prouinciam
1175 553 1254 598 con-

201 641 298 721 tingit.
329 631 471 725 Hispania
495 639 637 700 universa
661 645 810 698 terrarum
833 626 899 697 sit'o.
917 637 1037 716 trigona
1061 643 1118 714 est,
1141 645 1174 699 et
1189 640 1254 698 cir-

202 735 269 822 [aa]
292 738 487 800 ciriniusionc
504 737 620 800 Oceani
639 733 854 818 Tyrrhenique
865 737 964 818 pelagi
977 753 1057 818 pene
1070 738 1169 799 insuta
1181 734 1255 798 eiii·

190 845 288 904 eitnr.
334 837 431 918 Hujus
453 837 584 920 angulos
607 840 701 918 prior,
723 845 865 918 spectans
888 839 925 899 ad
949 841 1111 916 orientem,
1133 855 1150 900 a
1173 840 1255 900 dex·
1279 884 1283 894 .

202 944 256 1006 tris
280 940 463 1020 Aquitanica
486 939 658 1018 provincia,
687 958 704 1002 a
731 940 863 1002 sinistris
878 939 1043 1001 Batearico
1065 941 1140 1001 mari
1163 957 1255 1002 coar-

181 1051 298 1120 -tatus,
327 1041 570 1126 Narbonensinm
599 1041 711 1104 tinibus
739 1043 891 1103 inseritur.
936 1036 1099 1129 Secundus
1126 1042 1256 1122 angulus

87 1169 89 1172 ·
202 1127 329 1208 circium
353 1143 501 1206 intendito
523 1143 576 1204 ubi
605 1143 759 1223 Brigantio
789 1141 949 1205 Catteciae.
967 1143 1076 1203 civitas
1103 1143 1177 1219 sita,
1206 1143 1255 1203 ai·

204 1247 348 1312 tissimum
383 1244 525 1323 pharum,
559 1250 591 1306 et
624 1247 706 1306 inter
732 1263 827 1324 pauca
856 1244 1043 1306 memorandi
1072 1245 1190 1324 operis,
1221 1243 1256 1305 ad

94 1389 97 1396 ·
202 1346 356 1426 speculam
380 1344 555 1430 Britanniae
577 1346 679 1427 erigit.
724 1345 844 1406 Tertius
866 1347 934 1426 ejus
956 1344 1088 1426 angulus
1110 1352 1174 1421 est,
1198 1363 1256 1425 qua

155 1487 159 1498 ι
203 1447 303 1521 Gades
327 1445 445 1507 insulae
468 1446 605 1508 intentae
621 1446 652 1507 in
669 1444 809 1522 africum,
832 1445 986 1508 Atlantem
1005 1454 1137 1508 montem
1155 1449 1256 1507 inter·

51 1575 54 1582 ¹
151 1547 155 1554 '
198 1551 283 1630 jecto
316 1547 386 1608 sino
420 1546 544 1609 Oceani
570 1549 789 1628 prospiciunt..
813 1547 986 1627 Hispaniam
1015 1547 1191 1609 citeriorem
1220 1547 1256 1607 ab

203 1651 324 1710 oriente
353 1649 568 1728 incipientem,
598 1649 747 1730 Pyrenaei
775 1649 870 1710 saltus
892 1667 909 1710 a
931 1655 1016 1728 parte
1039 1649 1257 1728 septentrionis
1287 1723 1289 1729 Ι

202 1750 362 1830 usquead
387 1749 553 1811 Cantabros
577 1749 771 1828 Asturesque
794 1749 966 1825 deducunt,
993 1755 1087 1828 atque
1110 1749 1182 1810 inde
1205 1765 1258 1828 per

202 1851 359 1913 Vaccaeos
388 1857 419 1912 et
443 1834 610 1926 Oretanos,
637 1867 717 1928 ¹qnos
744 1849 781 1910 ab
808 1866 921 1912 occaso
955 1834 1196 1930 babet,‘posita‘
1227 1851 1256 1910 in

193 1951 305 2014 ¹Nostri
328 1951 424 2014 maris¹
442 1948 544 2012 littore
562 1950 712 2033 Carthago
735 1950 927 2014 determinat.
965 1951 1107 2030 Hispania
1130 1951 1259 2013 ulterior

204 2053 297 2116 babet
311 2052 349 2115 ab
366 2051 486 2113 oriente
501 2049 667 2128 Vaccaeos,
691 2050 873 2130 Gettiberos,
896 2059 929 2142 et
950 2051 1119 2122 Oretanos:
1140 2072 1158 2113 a
1181 2041 1256 2133 sep·

203 2158 358 2219 tentrionc
381 2151 551 2232 Oceanum,
573 2151 611 2213 ab
635 2170 746 2214 occasu
770 2152 938 2230 Oceanum,
967 2171 985 2214 a
1009 2153 1137 2214 meridie
1159 2150 1258 2215 Gadi-

192 2253 269 2339 Ι[27]
285 2264 387 2318 tanum
400 2253 515 2317 Oceani
528 2252 653 2316 iretnm:
665 2254 747 2316 unde
762 2272 845 2318 mare
856 2254 1010 2331 Nostram,
1022 2254 1105 2334 quod
1118 2254 1256 2336 'i'yrrbe-

204 2377 276 2420 num
300 2365 444 2434 uocatur,
473 2355 652 2419 immittitur.
697 2355 735 2418 Et
757 2358 901 2436 qnoniam
925 2355 1068 2417 Oceanus
1090 2355 1182 2418 babet
1205 2357 1275 2417 in-‘

203 2460 295 2536 sutas,
320 2475 396 2538 quas
411 2457 597 2520 Britanniam
614 2464 645 2519 et
657 2457 833 2520 Hiberniam
850 2464 971 2534 uocant,
994 2473 1074 2537 quae
1097 2458 1129 2518 in
1152 2475 1259 2529 aversa

204 2561 369 2622 Galliarum
391 2565 477 2638 parte
499 2559 536 2620 ad
561 2567 755 2639 prospectum
778 2559 941 2644 Hispaniae
963 2559 1041 2620 sitae
1062 2565 1152 2635 sant,
1181 2558 1258 2620 bre-

201 2663 284 2727 uiter
305 2655 548 2740 explicabuntur.
593 2659 747 2723 Britannia
771 2659 888 2724 Oceani
910 2659 1026 2736 insuia,
1056 2655 1258 2741 perlongum

204 2764 234 2824 in
269 2762 392 2823 boream
427 2761 612 2824 extenditur.
662 2761 689 2824 Α
722 2763 851 2824 meridie
884 2759 997 2823 Gaitias
1025 2760 1137 2837 Habet,
1163 2760 1259 2840 cnjus

145 2865 175 2906 =‘
203 2863 374 2944 proximum
398 2863 472 2926 iiius
495 2862 753 2926 transmeantibus
774 2864 883 2936 ciuitas
905 2863 1015 2942 aperit,
1044 2858 1125 2942 quae
1146 2861 1260 2924 dicitur

202 2963 337 3026 libutnbi
365 2971 485 3044 portos:
520 2964 603 3026 unde
630 2963 711 3026 haud
740 2964 847 3044 procul
879 2983 896 3025 a
929 2961 1056 3026 Horiuis
1088 2966 1120 3025 in
1154 2969 1260 3025 austro

202 3065 318 3146 positos
333 3065 490 3146 Menapios
506 3065 700 3146 Batavosque
716 3071 896 3144 prospectat.
940 3065 1023 3128 Haec
1045 3065 1149 3128 insuia-
1167 3063 1260 3126 Habet

203 3167 235 3228 in
258 3167 351 3249 longo
374 3166 467 3230 miliia
490 3184 633 3248 passuum
656 3167 844 3248 octingenta,
869 3167 900 3228 in
922 3165 984 3228 lato
1000 3167 1094 3229 miliia
1109 3167 1257 3228 ducenta:

202 3285 220 3330 a
244 3275 330 3350 terpo
352 3275 465 3346 autem,
480 3265 571 3333 'unde
594 3265 720 3329 Oceano
743 3251 862 3329 infinito
888 3274 981 3348 patet,
1009 3265 1144 3329 Orcadas
1166 3267 1258 3330 insu-

202 3367 247 3431 las
270 3367 372 3446 babet,
396 3386 524 3450 quarum
548 3368 657 3450 viginti
679 3367 822 3431 desertae
837 3376 919 3448 sunt,
942 3369 1090 3431 tredecim
1105 3367 1260 3430 coluntur.

169 3502 181 3512 -
203 3465 270 3553 [HS]
293 3467 414 3532 Deinde
428 3469 527 3541 insuia
539 3455 647 3548 Tbn'ic,
661 3489 740 3550 quac
758 3489 814 3551 per
826 3464 982 3533 'infinitum
1000 3487 1017 3532 a
1035 3469 1149 3532 ceteris
1164 3486 1259 3549 sepa·

201 3579 283 3653 rata,
310 3572 438 3634 circium
467 3587 575 3634 versus
602 3569 704 3646 medio
732 3571 791 3653 sita
820 3571 952 3654 Oceani,
980 3572 1033 3634 vix
1058 3573 1164 3651 paucis
1188 3577 1261 3633 nota

201 3671 341 3736 babetur.
384 3671 533 3738 ,Hibernia
557 3671 672 3748 insuia,
701 3671 782 3733 inter
808 3671 994 3736 Britanniam
1023 3680 1055 3735 et
1083 3671 1259 3753 Hispaniam

202 3775 277 3852 sita,
321 3772 462 3854 longiore
506 3771 543 3834 ab
584 3771 681 3835 airico
718 3773 750 3834 in
787 3772 919 3836 boream·
948 3775 1047 3855 spatio
1083 3776 1259 3856 porrigitur.

202 3873 300 3955 Hujus
323 3876 424 3954 partes
447 3874 565 3954 priores
588 3873 725 3935 intentae
748 3873 930 3938 Cantabrico
958 3888 1093 3954 oceano,
1124 3875 1258 3958 Brigan-

107 3981 122 3992 ·
203 3974 275 4037 tiam
298 3972 452 4054 Opiteciae
474 3972 647 4048 civitatem,
675 3973 714 4036 ab
735 3973 832 4038 africo
854 3975 913 4038 sibi
936 3977 968 4037 in
990 3974 1117 4045 circium
1140 3993 1259 4041 occur·
