2634 4434
624 341 831 455 Q

203 584 277 665 bus,
303 579 466 658 caedibus,
494 578 639 642 crucibus
665 592 702 641 ac
724 576 888 655 mortibus,
910 576 1036 657 reprimi
1057 574 1144 639 nullo
1166 579 1264 640 modo

201 684 311 766 potuit,
332 682 424 743 immo
446 687 481 742 ut
501 680 577 757 dixi,
600 680 682 742 inter
703 678 780 741 haee
801 684 834 740 et
854 694 910 757 per
930 675 1008 737 baec
1021 680 1131 755 crevit,
1154 678 1262 741 cultus

202 791 304 849 autem
327 781 496 857 idolorum,
514 780 577 860 jam
600 778 823 859 quodammodo
845 796 886 839 ex
906 794 942 839 se
964 775 1111 840 deficiens
1138 796 1177 840 ac
1201 778 1263 840 sibi

202 884 407 958 erubescens,
430 881 581 943 adunam
605 879 873 942 clementissimam
896 878 1067 960 jussionem
1096 880 1165 941 sine
1195 879 1263 940 ullo

200 984 323 1066 poenali
345 989 463 1043 terrore
486 978 632 1055 cessavit3
657 982 708 1043 cui
735 980 861 1042 dubium
890 985 955 1056 est,
987 976 1046 1040 boc
1078 996 1135 1058 per
1166 979 1263 1041 istius

201 1082 425 1165 intelligentiae
448 1081 739 1145 demonstrationem
761 1079 800 1142 de
823 1086 962 1142 creatore
982 1094 1041 1140 suo
1061 1079 1186 1141 tandem
1203 1081 1262 1141 in-

201 1185 340 1247 notuisse
362 1189 532 1260 creaturae,
556 1182 637 1262 quod
660 1180 712 1243 illa
734 1188 863 1243 eatenus
884 1197 941 1261 per
962 1179 1062 1241 varias
1083 1180 1262 1243 ratiocina-

201 1286 303 1347 tiones
329 1284 456 1361 mentis,
489 1283 626 1346 intentae
656 1280 839 1361 quamlibet,
867 1280 936 1343 aliis
963 1277 1123 1342 obfuscata
1151 1299 1262 1360 quae-

201 1386 299 1463 sierit,
322 1401 358 1446 ao
379 1401 435 1464 per
456 1382 515 1444 hoc
536 1382 636 1444 statim
659 1382 756 1444 amori
778 1382 856 1461 ejus,
880 1398 972 1461 quem
994 1380 1085 1442 etiarn
1108 1381 1262 1461 ignorans

201 1486 362 1561 dilexerat,
385 1480 577 1545 inhaesisse?
620 1481 686 1545 Nec
707 1482 808 1563 igitur
823 1482 933 1543 mirum
956 1487 1013 1558 est,
1035 1479 1063 1551 si
1084 1481 1117 1541 in
1145 1500 1261 1563 magna

200 1583 315 1647 familia
338 1583 539 1643 inveniuntur
559 1580 655 1661 aliqui
677 1583 770 1659 servi,
793 1582 847 1661 qui
866 1580 1091 1643 consuetudine
1105 1580 1259 1644 lascivia-

202 1702 263 1765 que
285 1683 480 1745 seductorum
503 1679 690 1760 adsuefacti,
719 1682 866 1762 patientia
894 1681 1009 1743 domini
1036 1680 1085 1742 sui
1110 1681 1150 1742 ad
1171 1698 1259 1745 con-

201 1791 328 1847 temtum
357 1768 453 1863 ipsius
486 1780 665 1859 abutantur,
698 1782 782 1843 unde
812 1788 843 1842 et
869 1781 980 1842 merito
1006 1780 1092 1841 Deus
1119 1782 1171 1843 vel
1200 1784 1259 1844 in-

199 1891 314 1967 gratos,
336 1882 387 1945 vel
409 1880 596 1958 incredulos,
620 1883 671 1945 vel
693 1884 784 1945 etiam
807 1886 1004 1943 contumaces
1025 1881 1119 1943 variis
1141 1898 1259 1944 corre-

200 1982 356 2065 ptionibus
378 1982 494 2063 arguit:
519 1981 601 2060 quod
623 1999 745 2061 semper
765 1982 889 2061 utique„
902 1980 1059 2044 fatendum
1088 1988 1151 2059 est,
1180 1989 1262 2045 tunc

201 2080 312 2157 [abab]
330 2088 431 2142 tamen
446 2082 622 2161 praecipue,
644 2080 767 2160 quando
781 2080 881 2142 adbuc
894 2100 951 2162 per
964 2083 1142 2143 universum
1157 2101 1260 2145 mun-

199 2184 272 2246 dum
294 2179 378 2243 nulla
400 2188 466 2243 erat
488 2182 635 2260 ecclesia,
664 2197 744 2260 quae
770 2181 948 2243 interventu
969 2180 1104 2244 fidelium
1126 2198 1259 2263 precum

199 2284 324 2345 meritas
360 2282 466 2343 mundi
499 2298 613 2362 poenas
645 2283 826 2362 J'ustumque
854 2281 1006 2363 judicium
1038 2281 1095 2343 Dei
1127 2289 1260 2343 exorata

198 2383 295 2462 ipsius
318 2380 480 2443 clementia
501 2388 700 2461 temperaret,
723 2380 806 2442 unde
829 2382 920 2443 etiam
942 2380 1036 2459 baec,
1064 2398 1145 2462 quae
1175 2382 1260 2444 mala

198 2482 373 2545 horninibus
394 2478 546 2557 videntur,
570 2482 806 2561 qualiacumque
820 2488 903 2559 suut,
918 2482 1060 2563 graviora
1074 2484 1143 2545 sine
1158 2482 1260 2544 dubio

199 2584 300 2645 omnia
323 2580 458 2658 fuerunt,
481 2581 561 2643 sicut
583 2582 664 2661 ipso,
683 2598 746 2661 quo
768 2588 876 2662 coepta
898 2588 982 2672 sunt,
1004 2583 1112 2645 ordine
1134 2582 1258 2663 proba-

130 2678 321 2791 7¹‚buntur
339 2673 483 2761 {Bellum
510 2678 756 2757 Mithridaticum,
779 2680 842 2758 vel,
863 2683 899 2742 ut
918 2669 1024 2744 uerius
1046 2684 1155 2760 dicam,
1177 2682 1257 2744 belli

75 2742 158 2867 ⁷7'
165 2742 393 2842 Mithridatici
416 2778 529 2857 clades,
552 2780 662 2842 multas
684 2780 776 2843 simul
790 2780 953 2843 involvens
967 2784 1141 2862 provincias
1157 2790 1257 2845 tracta

38 2898 110 2939 ι.ιι
124 2895 171 2943 ιιι
198 2888 230 2942 et
250 2887 391 2960 protenta
413 2897 468 2959 per
490 2880 691 2960 quadraginta
713 2898 810 2943 annos
832 2879 898 2943 fuit
935 2881 1010 2944 llam
1025 2884 1257 2945 sexcentesimo

12 2968 149 3011 '·'‘²‘··¹''‘·
197 2980 390 3061 sexagesimo
412 2979 549 3051 secundo
572 2978 618 3059 (ut
639 2978 717 3061 dixi)
737 2996 819 3042 anno
846 2979 885 3043 ab
913 2980 995 3043 Urbe
1022 2983 1161 3061 condita,
1189 3000 1256 3063 quo

197 3081 290 3141 etiam
317 3079 446 3158 primum
476 3080 568 3141 civile
597 3079 710 3142 bellum
738 3088 898 3161 coeperat,
926 3082 1140 3160 inardescens,
1169 3099 1254 3144 con-

196 3177 298 3243 sulatu
322 3178 480 3243 Ciceronis
501 3198 576 3243 vero
598 3188 630 3243 et
651 3180 796 3260 Antonii,
823 3186 858 3243 ut
886 3164 991 3244 verbis
1013 3188 1123 3262 poetae
1145 3183 1256 3263 optirm

194 3280 315 3359 loquar,

342 3414 532 3483 Barbarico
553 3418 615 3485 cix
637 3421 873 3486 concummutc
892 3436 1025 3490 cateno
1046 3421 1111 3484 eea

196 3582 258 3648 Sed
286 3584 318 3645 in
345 3584 393 3647 his
424 3586 611 3667 temporibus
640 3591 765 3671 triginta
792 3588 921 3672 gerendi
948 3587 1022 3651 belli
1047 3588 1257 3651 inveniuntur

195 3685 277 3747 anni.
312 3685 451 3759 Qualiter
471 3694 572 3750 autem
595 3688 654 3753 XL.
677 3708 694 3752 a
717 3689 874 3771 plerisque
895 3690 971 3753 dicti
992 3690 1054 3754 sint
1073 3706 1137 3753 non
1159 3687 1256 3752 facile

195 3784 386 3849 discernitur.
