2634 4434
477 273 609 384 'cs

67 555 175 612 cantur.
221 548 308 622 Quod
329 547 478 628 pactionis
500 565 610 630 genus,
634 549 722 628 quasi
744 565 855 610 noram
877 547 959 612 vitae
981 550 1109 612 institu-

66 649 173 711 tionem
202 665 374 728 novamque
396 647 574 712 felicitatem
596 655 694 711 status
715 649 764 711 sui
786 647 1001 726 informantes,
1029 653 1110 711 Am-

64 752 188 811 nestiam
216 754 421 827 vocaverunt,
449 751 482 812 id
509 756 573 827 est,
606 749 804 813 abolitionem
832 748 988 812 malorum.
1025 745 1111 830 [137]

65 847 302 928 Sapientissima'
319 849 568 932 Atheniensium,
598 851 778 930 praesertim
807 855 875 930 post
902 856 985 911 tanta
1013 851 1121 912 mise-.

62 950 172 1012 riarum
206 951 404 1026 documenta,
437 952 585 1029 provisio:
618 953 645 1012 si
678 968 739 1031 qno
766 957 855 1030 pacto
881 966 933 1011 res
960 949 1113 1011 humanae

62 1057 203 1112 manente
225 1067 379 1112 consensu
400 1049 570 1128 bominum,
591 1057 626 1111 ut
648 1050 837 1127 ordinantur,
858 1051 1007 1113 valerent.
1051 1047 1113 1113 Sed

62 1150 136 1213 adeo
151 1150 211 1212 boc
226 1151 305 1213 idem
329 1150 484 1230 placitum,
506 1151 588 1212 inter
602 1152 667 1230 ipsa
682 1168 780 1230 paene
794 1149 898 1229 placiti
919 1149 1014 1211 verba
1037 1166 1112 1211 cor-

60 1259 182 1331 ruptum
211 1259 274 1328 est,
301 1258 352 1328 ut,
385 1251 440 1310 vix
468 1250 681 1312 intercedente
708 1250 851 1328 biennio,
879 1249 1021 1313 Socrates
1049 1248 1113 1325 ille,

60 1351 248 1414 clarissimus
262 1349 521 1430 philosophorum,
540 1351 666 1412 adactus
689 1350 786 1429 malis,
807 1368 931 1414 veneno
952 1349 1012 1412 sibi
1034 1349 1114 1429 apud

61 1469 113 1514 eos
136 1453 234 1514 vitam
257 1451 434 1512 extorserit:
464 1450 576 1512 deinde
603 1452 655 1512 vix
678 1453 879 1532 quadraginta
899 1452 989 1514 anuis
1010 1452 1113 1512 iuter·

58 1551 275 1626 venientibus,
307 1557 342 1610 ut
376 1551 434 1610 alia
466 1551 589 1627 sileam,
623 1551 717 1612 iidem
743 1550 965 1629 Athenienses,
993 1551 1113 1613 ademta

59 1651 115 1713 sibi
140 1651 266 1730 penitus
294 1647 451 1725 libertate,
479 1649 536 1710 sub
563 1649 699 1728 Philippo
721 1650 922 1712 Macedonum
943 1668 1020 1731 rege
1040 1666 1113 1719 ser,-

59 1752 184 1814 vierint.
228 1739 447 1821 Verumtamen
480 1749 698 1828 sapientissimi
730 1751 865 1810 omnium
897 1749 1115 1834 Athenienses,

61 1853 153 1914 etiam
176 1851 241 1912 suis
263 1849 350 1912 malis
373 1849 446 1910 satis
469 1849 566 1926 docti,
593 1850 757 1912 concordio
783 1852 923 1913 minimas
950 1867 1001 1912 res
1023 1865 1114 1911 cres·

61 1970 149 2030 cere,
186 1951 339 2014 discordia
372 1951 517 2012 maximas
550 1949 627 2026 labi,
661 1952 834 2031 cunctaque
869 1952 919 2014 vel
951 1951 1030 2013 boua
1063 1948 1115 2011 vel

62 2054 152 2114 etism
180 2051 273 2128 mala,
298 2068 377 2131 quae
400 2048 474 2112 foris
496 2058 662 2130 geruntur,
684 2053 814 2113 internis
836 2069 905 2114 esse
927 2052 1061 2114 radicata
1083 2057 1116 2112 et

62 2155 174 2216 emissa
210 2152 384 2232 principib,
422 2150 504 2212 domi
540 2152 712 2216 abstersere
745 2152 830 2228 odia,
864 2159 895 2213 et
926 2153 1002 2215 foris
1034 2151 1117 2212 bella

62 2259 255 2332 presserunt:
307 2252 563 2331 reliqueruntque
600 2253 730 2331 posteris
766 2252 831 2314 suis
866 2253 906 2315 de
941 2253 1030 2314 ruina
1066 2251 1116 2312 sui

63 2352 254 2433 exemplum,
284 2353 322 2414 de
348 2352 541 2431 reparatione
569 2352 746 2414 consilium:
777 2354 804 2414 si
832 2360 934 2415 tamen
962 2353 1001 2414 ob
1025 2351 1114 2413 inlit-

64 2455 227 2516 missimam
250 2452 401 2514 humanae
424 2453 534 2512 mentis
557 2451 806 2526 mutabilitatem,
829 2453 911 2531 quod
933 2454 965 2512 in
988 2451 1116 2512 adllictis

63 2554 157 2618 rebus
180 2554 360 2630 consulitur,
383 2553 415 2612 in
437 2550 591 2629 prosperis
612 2557 795 2613 servaretur,

378 2803 575 2940 thut
627 2801 849 2935 xllll
949 2774 954 2784 ⁸
1031 2840 1116 2927 [ue]
1203 2828 1208 2832 ’

107 3011 165 3078 De
187 3011 270 3076 bello
293 3010 380 3075 ctvttt
401 3010 492 3076 iuter
513 3008 750 3076 Artomeroeem
777 3015 813 3077 el
832 3007 959 3096 Quum
985 3011 1076 3094 filios
1132 3039 1136 3043 ·

107 3112 226 3196 Darii,
254 3113 345 3196 quod
368 3112 556 3195 parricidio
580 3111 716 3195 finitum
742 3111 819 3198 fuit.
864 3112 920 3176 De
941 3117 1077 3180 terrae-
1195 3131 1198 3135 ’

215 3217 309 3280 motu
331 3209 482 3293 Stctttae,
506 3218 539 3280 et
552 3213 715 3280 Atalante
736 3214 852 3280 incolo
869 3211 974 3298 factu.

152 3372 263 3434 lisdem
285 3369 352 3452 fere
374 3369 484 3432 diebus
506 3369 620 3430 bellum
637 3367 740 3443 civile,
762 3366 930 3428 imoetiam
946 3368 1120 3452 plusquam

67 3473 176 3550 civile,
211 3471 273 3533 vix.
296 3471 460 3551 pamieidio
493 3471 703 3546 terminatum,
740 3467 777 3530 ad
810 3467 916 3531 Persas
947 3473 1121 3552 gerebatur.

67 3572 189 3636 blortuo
213 3573 295 3634 euim
316 3589 392 3652 rege
415 3570 526 3647 Dario,
552 3588 620 3632 cum
650 3571 837 3632 Artaxerxes
866 3577 897 3631 et
926 3572 1037 3652 Cyrus,
1067 3573 1122 3634 lilii

69 3676 153 3756 ejus,
188 3673 226 3734 de
258 3687 356 3751 reguo
389 3670 596 3752 ambigerent,
627 3673 749 3734 tandem
778 3673 896 3752 magnis
918 3673 1122 3751 adparatibus,

70 3775 189 3855 mugnis
212 3771 437 3852 provinciarum
464 3791 501 3833 uc
528 3773 708 3852 populorum
735 3771 833 3833 ruinis
861 3772 1015 3850 utrimque
1046 3788 1120 3833 cer-

71 3879 182 3937 tatum:
212 3874 243 3934 in
271 3889 332 3953 quo
361 3871 505 3934 conflictu
532 3889 602 3934 cum
630 3890 648 3933 e
675 3871 798 3934 diverso
824 3877 1043 3933 concurrentes
1064 3871 1124 3935 sibi

71 3973 160 4038 ambo
182 3971 293 4036 fratres
316 3979 422 4036 mutuo
450 3987 539 4036 casus
567 3970 800 4052 objectavisset,
827 3969 911 4049 prior
936 3969 1124 4034 Artaxerxes
