2634 4434
338 1502 349 1513 „
462 1454 697 1542 Pam
731 1453 995 1542 onosn
1131 1499 1135 1502 ¹·

412 1639 784 1710 Pnnsnrrnnr
814 1637 1058 1710 nisenam

275 1804 1182 1996 Hisnonrannm
1316 1900 1317 1969 ,

508 2055 671 2127 LIBER
711 2057 958 2141 QUINTUS.

624 2273 834 2284 -—=---

596 2422 792 2561 dapnt
841 2421 872 2529 l.

206 2627 441 2696 Romanorum
461 2648 526 2714 per
546 2631 693 2695 aliorum
715 2628 831 2693 clades
842 2625 1037 2713 selimlctem
1049 2625 1130 2710 plne
1145 2626 1261 2692 domni

206 2749 310 2814 paam
338 2732 504 2798 commodi
532 2748 651 2796 aecum
679 2727 850 2793 tremisse:
893 2726 983 2792 diem
1009 2745 1076 2793 cue
1102 2729 1261 2814 'tempore

562 2828 739 2913 prioribus
758 2828 904 2910 potiora
1030 2909 1033 2914 A

293 2983 364 3047 Scio
386 2981 559 3062 aliquantos
586 2986 654 3062 post
681 2979 759 3043 haec
785 2981 931 3061 deinceps
958 2981 1132 3061 permoveri
1159 2997 1260 3061 posse,

209 3079 296 3166 [284]
319 3082 402 3163 qnod
419 3083 573 3145 ¹victoriae
593 3081 748 3144 Romanae
771 3081 933 3142 multarum
954 3081 1094 3163 gencium
1117 3087 1149 3144 ct
1178 3080 1261 3143 civi-

208 3191 303 3247 tatum
325 3190 428 3266 strage
450 3183 664 3246 crebrescunt:
695 3199 889 3263 quamquam,
911 3181 939 3244 si
960 3181 1125 3262 diligenter
1147 3181 1261 3243 adten-

208 3285 291 3363 dane,
313 3284 382 3364 plns
404 3285 506 3347 damni
527 3285 688 3348 invenient
703 3284 851 3346 accidisse
875 3299 965 3362 quam
980 3279 1142 3360 commodi,
1158 3297 1262 3361 neque

209 3385 291 3445 enim
314 3385 561 3464 parvipendenda
583 3392 656 3447 suni
677 3391 722 3446 tot
742 3383 824 3446 bella
839 3381 974 3464 servilia,
995 3381 1131 3462 socialia,
1146 3380 1261 3456 civilia,

209 3482 420 3564 fugitivorum,
442 3483 595 3546 nullorum
618 3485 726 3564 ntique
748 3483 904 3546 fructuum
920 3489 951 3544 et
967 3499 1144 3562 magnarum
1161 3487 1263 3543 tamen

209 3583 410 3646 miseriorum.
455 3582 516 3646 Sed
538 3585 701 3658 conniveo,
724 3590 768 3660 nt,
792 3583 1046 3663 quemadmodum
1069 3580 1190 3658 volunt,
1222 3583 1263 3642 ita

210 3682 307 3745 fnisse
333 3682 489 3761 videatur,
517 3684 600 3744 nnde
628 3681 760 3744 arbitror
787 3699 856 3744 esse
884 3683 1034 3745 dicturos:
1069 3679 1190 3761 Ecquid
1216 3680 1263 3741 bis

210 3783 399 3862 temporibus
410 3765 544 3859 beotius,
560 3781 673 3861 qnibns
688 3783 827 3843 continui
839 3781 992 3860 triumphi,
1006 3779 1145 3843 celebres
1157 3781 1262 3843 victo-

211 3880 287 3954 riae,
310 3881 422 3943 divites
448 3879 590 3959 praedae,
617 3880 736 3943 nobiles
758 3897 897 3959 pompae,
921 3883 1023 3962 magni
1044 3887 1116 3944 anie
1139 3897 1264 3941 currum

213 3971 303 4050 [285]
340 3995 431 4058 reges
468 3985 499 4040 et
534 3978 627 4058 longo
660 3979 768 4041 ordine
800 3981 900 4044 viciae
932 3989 1041 4061 gentes
1074 3975 1265 4061 agebantnri
