<?xml version="1.0" encoding="UTF-8"?>
<!DOCTYPE html PUBLIC "-//W3C//DTD XHTML 1.0 Transitional//EN"
    "http://www.w3.org/TR/xhtml1/DTD/xhtml1-transitional.dtd">
<html xmlns="http://www.w3.org/1999/xhtml" xml:lang="en" lang="en">
 <head>
  <title>
</title>
<meta http-equiv="Content-Type" content="text/html;charset=utf-8" />
  <meta name='ocr-system' content='tesseract 3.04.00' />
  <meta name='ocr-capabilities' content='ocr_page ocr_carea ocr_par ocr_line ocrx_word'/>
</head>
<body>
  <div class='ocr_page' id='page_1' title='image "./pauliorosiipres00havegoog_0135.png"; bbox 0 0 2634 4434; ppageno 0'>
   <div class='ocr_carea' id='block_1_1' title="bbox 200 329 1302 1951">
    <p class='ocr_par' dir='ltr' id='par_1_1' title="bbox 654 329 764 406">
     <span class='ocr_line' id='line_1_1' title="bbox 654 329 764 406; baseline -0.082 0"><span class='ocrx_word' id='word_1_1' title='bbox 654 401 658 406; x_wconf 87' lang='lat'>.</span> <span class='ocrx_word' id='word_1_2' title='bbox 694 329 764 398; x_wconf 78' lang='lat'>128</span> 
     </span>
    </p>

    <p class='ocr_par' dir='ltr' id='par_1_2' title="bbox 200 555 1302 1951">
     <span class='ocr_line' id='line_1_2' title="bbox 203 555 1260 646; baseline -0.002 -20"><span class='ocrx_word' id='word_1_3' title='bbox 203 569 257 627; x_wconf 92' lang='lat' dir='ltr'>tim</span> <span class='ocrx_word' id='word_1_4' title='bbox 290 567 438 641; x_wconf 85' lang='lat' dir='ltr'>bostium,</span> <span class='ocrx_word' id='word_1_5' title='bbox 465 565 572 644; x_wconf 89' lang='lat' dir='ltr'>partim</span> <span class='ocrx_word' id='word_1_6' title='bbox 605 565 697 626; x_wconf 92' lang='lat' dir='ltr'>etiam</span> <span class='ocrx_word' id='word_1_7' title='bbox 730 564 899 638; x_wconf 84' lang='lat' dir='ltr'>sociorum,</span> <span class='ocrx_word' id='word_1_8' title='bbox 932 555 1104 624; x_wconf 87' lang='lat' dir='ltr'>inhumatas</span> <span class='ocrx_word' id='word_1_9' title='bbox 1137 570 1260 646; x_wconf 87' lang='lat' dir='ltr'>strages</span> 
     </span>
     <span class='ocr_line' id='line_1_3' title="bbox 203 663 1260 753; baseline -0.002 -25"><span class='ocrx_word' id='word_1_10' title='bbox 203 667 337 745; x_wconf 86' lang='lat' dir='ltr'>reliquit.</span> <span class='ocrx_word' id='word_1_11' title='bbox 384 665 416 728; x_wconf 87' lang='lat' dir='ltr'>L.</span> <span class='ocrx_word' id='word_1_12' title='bbox 446 665 580 728; x_wconf 80' lang='lat' dir='ltr'>Caecilio</span> <span class='ocrx_word' id='word_1_13' title='bbox 607 665 732 728; x_wconf 83' lang='lat' dir='ltr'>Metello</span> <span class='ocrx_word' id='word_1_14' title='bbox 760 663 792 728; x_wconf 85' lang='lat' dir='ltr'>G.</span> <span class='ocrx_word' id='word_1_15' title='bbox 819 663 910 726; x_wconf 87' lang='lat' dir='ltr'>Furio</span> <span class='ocrx_word' id='word_1_16' title='bbox 939 663 1062 753; x_wconf 60' lang='lat' dir='ltr'>Pacilo,</span> <span class='ocrx_word' id='word_1_17' title='bbox 1075 663 1260 730; x_wconf 84' lang='lat' dir='ltr'>oonsulibus</span> 
     </span>
     <span class='ocr_line' id='line_1_4' title="bbox 202 763 1259 846; baseline -0.002 -19"><span class='ocrx_word' id='word_1_18' title='bbox 202 765 370 843; x_wconf 82' lang='lat' dir='ltr'><strong>Asdrubal,</strong></span> <span class='ocrx_word' id='word_1_19' title='bbox 403 783 503 828; x_wconf 88' lang='lat' dir='ltr'>novus</span> <span class='ocrx_word' id='word_1_20' title='bbox 533 765 830 846; x_wconf 73' lang='lat' dir='ltr'>Carthaginiensium</span> <span class='ocrx_word' id='word_1_21' title='bbox 864 763 1046 844; x_wconf 87' lang='lat' dir='ltr'>Imperator,</span> <span class='ocrx_word' id='word_1_22' title='bbox 1079 783 1150 826; x_wconf 91' lang='lat' dir='ltr'>cum</span> <span class='ocrx_word' id='word_1_23' title='bbox 1184 764 1259 828; x_wconf 89' lang='lat' dir='ltr'>elc-</span> 
     </span>
     <span class='ocr_line' id='line_1_5' title="bbox 201 865 1261 947; baseline -0.002 -21"><span class='ocrx_word' id='word_1_24' title='bbox 201 865 323 946; x_wconf 90' lang='lat' dir='ltr'>pbantis</span> <span class='ocrx_word' id='word_1_25' title='bbox 351 872 474 927; x_wconf 88' lang='lat' dir='ltr'>centum</span> <span class='ocrx_word' id='word_1_26' title='bbox 502 867 626 947; x_wconf 86' lang='lat' dir='ltr'>triginta</span> <span class='ocrx_word' id='word_1_27' title='bbox 658 872 691 927; x_wconf 87' lang='lat' dir='ltr'>et</span> <span class='ocrx_word' id='word_1_28' title='bbox 724 866 861 944; x_wconf 85' lang='lat' dir='ltr'>equitum</span> <span class='ocrx_word' id='word_1_29' title='bbox 894 865 1094 945; x_wconf 78' lang='lat' dir='ltr'>peditumque</span> <span class='ocrx_word' id='word_1_30' title='bbox 1126 865 1261 944; x_wconf 88' lang='lat' dir='ltr'>amplius</span> 
     </span>
     <span class='ocr_line' id='line_1_6' title="bbox 202 964 1262 1048; baseline -0.004 -20"><span class='ocrx_word' id='word_1_31' title='bbox 202 966 326 1046; x_wconf 87' lang='lat' dir='ltr'>triginta</span> <span class='ocrx_word' id='word_1_32' title='bbox 361 965 494 1028; x_wconf 89' lang='lat' dir='ltr'>millibus</span> <span class='ocrx_word' id='word_1_33' title='bbox 528 967 708 1048; x_wconf 82' lang='lat' dir='ltr'>Lilybaeum</span> <span class='ocrx_word' id='word_1_34' title='bbox 735 966 821 1027; x_wconf 87' lang='lat' dir='ltr'>venit</span> <span class='ocrx_word' id='word_1_35' title='bbox 850 983 890 1026; x_wconf 84' lang='lat' dir='ltr'>ex</span> <span class='ocrx_word' id='word_1_36' title='bbox 911 964 1026 1042; x_wconf 87' lang='lat' dir='ltr'>Africa,</span> <span class='ocrx_word' id='word_1_37' title='bbox 1050 971 1081 1027; x_wconf 91' lang='lat' dir='ltr'>el</span> <span class='ocrx_word' id='word_1_38' title='bbox 1108 965 1262 1026; x_wconf 85' lang='lat' dir='ltr'>continuo</span> 
     </span>
     <span class='ocr_line' id='line_1_7' title="bbox 203 1065 1261 1147; baseline -0.001 -21"><span class='ocrx_word' id='word_1_39' title='bbox 203 1084 273 1126; x_wconf 89' lang='lat' dir='ltr'>cum</span> <span class='ocrx_word' id='word_1_40' title='bbox 300 1065 425 1128; x_wconf 85' lang='lat' dir='ltr'>lletello</span> <span class='ocrx_word' id='word_1_41' title='bbox 454 1066 582 1128; x_wconf 89' lang='lat' dir='ltr'>consule</span> <span class='ocrx_word' id='word_1_42' title='bbox 614 1067 695 1147; x_wconf 89' lang='lat' dir='ltr'>apud</span> <span class='ocrx_word' id='word_1_43' title='bbox 721 1066 900 1128; x_wconf 91' lang='lat' dir='ltr'>Panormum</span> <span class='ocrx_word' id='word_1_44' title='bbox 928 1083 1060 1147; x_wconf 88' lang='lat' dir='ltr'>pugnam</span> <span class='ocrx_word' id='word_1_45' title='bbox 1091 1065 1261 1127; x_wconf 84' lang='lat' dir='ltr'>conseruit.</span> 
     </span>
     <span class='ocr_line' id='line_1_8' title="bbox 204 1164 1261 1250; baseline -0.002 -22"><span class='ocrx_word' id='word_1_46' title='bbox 204 1165 266 1228; x_wconf 87' lang='lat' dir='ltr'>Sed</span> <span class='ocrx_word' id='word_1_47' title='bbox 292 1164 434 1230; x_wconf 89' lang='lat' dir='ltr'>lletellus</span> <span class='ocrx_word' id='word_1_48' title='bbox 471 1169 534 1229; x_wconf 88' lang='lat' dir='ltr'>vim</span> <span class='ocrx_word' id='word_1_49' title='bbox 563 1185 702 1250; x_wconf 84' lang='lat' dir='ltr'>magnam</span> <span class='ocrx_word' id='word_1_50' title='bbox 732 1167 904 1228; x_wconf 82' lang='lat' dir='ltr'>belluarum</span> <span class='ocrx_word' id='word_1_51' title='bbox 936 1166 1054 1244; x_wconf 61' lang='lat' dir='ltr'>timensg</span> <span class='ocrx_word' id='word_1_52' title='bbox 1085 1166 1172 1246; x_wconf 87' lang='lat' dir='ltr'>prius</span> <span class='ocrx_word' id='word_1_53' title='bbox 1206 1181 1261 1226; x_wconf 90' lang='lat' dir='ltr'>eas</span> 
     </span>
     <span class='ocr_line' id='line_1_9' title="bbox 200 1265 1262 1348; baseline 0 -22"><span class='ocrx_word' id='word_1_54' title='bbox 200 1284 314 1347; x_wconf 83' lang='lat' dir='ltr'>magno</span> <span class='ocrx_word' id='word_1_55' title='bbox 334 1285 409 1329; x_wconf 87' lang='lat' dir='ltr'>usus</span> <span class='ocrx_word' id='word_1_56' title='bbox 431 1269 560 1329; x_wconf 91' lang='lat' dir='ltr'>consilio</span> <span class='ocrx_word' id='word_1_57' title='bbox 582 1269 633 1330; x_wconf 88' lang='lat' dir='ltr'>vel</span> <span class='ocrx_word' id='word_1_58' title='bbox 654 1269 687 1329; x_wconf 93' lang='lat' dir='ltr'>in</span> <span class='ocrx_word' id='word_1_59' title='bbox 710 1266 813 1348; x_wconf 88' lang='lat' dir='ltr'>lugam</span> <span class='ocrx_word' id='word_1_60' title='bbox 837 1265 887 1328; x_wconf 89' lang='lat' dir='ltr'>vel</span> <span class='ocrx_word' id='word_1_61' title='bbox 909 1265 941 1327; x_wconf 95' lang='lat' dir='ltr'>in</span> <span class='ocrx_word' id='word_1_62' title='bbox 964 1272 1092 1328; x_wconf 90' lang='lat' dir='ltr'>mortem</span> <span class='ocrx_word' id='word_1_63' title='bbox 1115 1267 1197 1347; x_wconf 87' lang='lat' dir='ltr'>egit,</span> <span class='ocrx_word' id='word_1_64' title='bbox 1229 1272 1262 1326; x_wconf 87' lang='lat' dir='ltr'>et</span> 
     </span>
     <span class='ocr_line' id='line_1_10' title="bbox 202 1365 1262 1450; baseline -0.001 -23"><span class='ocrx_word' id='word_1_65' title='bbox 202 1367 248 1427; x_wconf 86' lang='lat' dir='ltr'>sic</span> <span class='ocrx_word' id='word_1_66' title='bbox 262 1365 355 1430; x_wconf 81' lang='lat' dir='ltr'>facile</span> <span class='ocrx_word' id='word_1_67' title='bbox 376 1369 516 1448; x_wconf 85' lang='lat' dir='ltr'>quamvis</span> <span class='ocrx_word' id='word_1_68' title='bbox 538 1387 677 1450; x_wconf 89' lang='lat' dir='ltr'>magnam</span> <span class='ocrx_word' id='word_1_69' title='bbox 701 1369 763 1430; x_wconf 91' lang='lat' dir='ltr'>vim</span> <span class='ocrx_word' id='word_1_70' title='bbox 786 1367 917 1428; x_wconf 91' lang='lat' dir='ltr'>hostium</span> <span class='ocrx_word' id='word_1_71' title='bbox 939 1368 1103 1447; x_wconf 88' lang='lat' dir='ltr'>superavit.</span> <span class='ocrx_word' id='word_1_72' title='bbox 1140 1366 1262 1448; x_wconf 83' lang='lat' dir='ltr'>Viginti</span> 
     </span>
     <span class='ocr_line' id='line_1_11' title="bbox 204 1466 1263 1549; baseline 0.002 -24"><span class='ocrx_word' id='word_1_73' title='bbox 204 1466 299 1527; x_wconf 91' lang='lat' dir='ltr'>millia</span> <span class='ocrx_word' id='word_1_74' title='bbox 315 1467 611 1549; x_wconf 83' lang='lat' dir='ltr'>Carthaginiensium</span> <span class='ocrx_word' id='word_1_75' title='bbox 633 1469 665 1530; x_wconf 94' lang='lat' dir='ltr'>in</span> <span class='ocrx_word' id='word_1_76' title='bbox 688 1486 726 1530; x_wconf 90' lang='lat' dir='ltr'>eo</span> <span class='ocrx_word' id='word_1_77' title='bbox 749 1467 864 1549; x_wconf 86' lang='lat' dir='ltr'>praelio</span> <span class='ocrx_word' id='word_1_78' title='bbox 887 1485 974 1529; x_wconf 88' lang='lat' dir='ltr'>caesa</span> <span class='ocrx_word' id='word_1_79' title='bbox 997 1474 1079 1545; x_wconf 91' lang='lat' dir='ltr'>sunt,</span> <span class='ocrx_word' id='word_1_80' title='bbox 1102 1466 1263 1547; x_wconf 73' lang='lat' dir='ltr'>elephanti</span> 
     </span>
     <span class='ocr_line' id='line_1_12' title="bbox 204 1568 1263 1650; baseline 0.004 -25"><span class='ocrx_word' id='word_1_81' title='bbox 204 1583 331 1645; x_wconf 84' lang='lat' dir='ltr'>quoque</span> <span class='ocrx_word' id='word_1_82' title='bbox 352 1569 464 1649; x_wconf 84' lang='lat' dir='ltr'>viginti</span> <span class='ocrx_word' id='word_1_83' title='bbox 485 1587 543 1650; x_wconf 82' lang='lat' dir='ltr'>sex</span> <span class='ocrx_word' id='word_1_84' title='bbox 563 1569 721 1633; x_wconf 83' lang='lat' dir='ltr'>interlecti</span> <span class='ocrx_word' id='word_1_85' title='bbox 749 1576 872 1632; x_wconf 90' lang='lat' dir='ltr'>centum</span> <span class='ocrx_word' id='word_1_86' title='bbox 901 1576 932 1630; x_wconf 93' lang='lat' dir='ltr'>et</span> <span class='ocrx_word' id='word_1_87' title='bbox 961 1576 1092 1649; x_wconf 87' lang='lat' dir='ltr'>quatuor</span> <span class='ocrx_word' id='word_1_88' title='bbox 1119 1568 1201 1648; x_wconf 91' lang='lat' dir='ltr'>capti</span> <span class='ocrx_word' id='word_1_89' title='bbox 1231 1574 1263 1629; x_wconf 89' lang='lat' dir='ltr'>et</span> 
     </span>
     <span class='ocr_line' id='line_1_13' title="bbox 205 1660 1302 1750; baseline -0.001 -24"><span class='ocrx_word' id='word_1_90' title='bbox 205 1660 294 1741; x_wconf 76' lang='lat'>[241]</span> <span class='ocrx_word' id='word_1_91' title='bbox 319 1686 373 1748; x_wconf 87' lang='lat' dir='ltr'>per</span> <span class='ocrx_word' id='word_1_92' title='bbox 394 1668 510 1737; x_wconf 70' lang='lat' dir='ltr'>ltalin</span> <span class='ocrx_word' id='word_1_93' title='bbox 534 1671 628 1749; x_wconf 90' lang='lat' dir='ltr'>ducti,</span> <span class='ocrx_word' id='word_1_94' title='bbox 652 1673 816 1733; x_wconf 82' lang='lat' dir='ltr'>niaximum</span> <span class='ocrx_word' id='word_1_95' title='bbox 839 1669 951 1732; x_wconf 89' lang='lat' dir='ltr'>italicis</span> <span class='ocrx_word' id='word_1_96' title='bbox 972 1669 1116 1750; x_wconf 85' lang='lat' dir='ltr'>gentibus</span> <span class='ocrx_word' id='word_1_97' title='bbox 1131 1675 1261 1749; x_wconf 90' lang='lat' dir='ltr'>specta·</span> <span class='ocrx_word' id='word_1_98' title='bbox 1297 1717 1302 1724; x_wconf 85' lang='lat'><em>.</em></span> 
     </span>
     <span class='ocr_line' id='line_1_14' title="bbox 204 1766 1260 1851; baseline 0.002 -24"><span class='ocrx_word' id='word_1_99' title='bbox 204 1766 306 1828; x_wconf 90' lang='lat' dir='ltr'>culum</span> <span class='ocrx_word' id='word_1_100' title='bbox 329 1770 547 1847; x_wconf 86' lang='lat' dir='ltr'>praebuerunt.</span> <span class='ocrx_word' id='word_1_101' title='bbox 584 1773 738 1835; x_wconf 87' lang='lat' dir='ltr'>Asdrubal</span> <span class='ocrx_word' id='word_1_102' title='bbox 761 1790 829 1833; x_wconf 88' lang='lat' dir='ltr'>cum</span> <span class='ocrx_word' id='word_1_103' title='bbox 853 1772 957 1851; x_wconf 89' lang='lat' dir='ltr'>paucis</span> <span class='ocrx_word' id='word_1_104' title='bbox 979 1770 1156 1851; x_wconf 78' lang='lat' dir='ltr'>Lilybaeum</span> <span class='ocrx_word' id='word_1_105' title='bbox 1180 1784 1260 1848; x_wconf 88' lang='lat' dir='ltr'>pro-</span> 
     </span>
     <span class='ocr_line' id='line_1_15' title="bbox 204 1863 1103 1951; baseline 0.009 -25"><span class='ocrx_word' id='word_1_106' title='bbox 204 1863 295 1947; x_wconf 79' lang='lat' dir='ltr'>fugit,</span> <span class='ocrx_word' id='word_1_107' title='bbox 318 1876 411 1949; x_wconf 86' lang='lat' dir='ltr'>atque</span> <span class='ocrx_word' id='word_1_108' title='bbox 432 1873 544 1936; x_wconf 92' lang='lat' dir='ltr'>absens</span> <span class='ocrx_word' id='word_1_109' title='bbox 566 1893 583 1936; x_wconf 91' lang='lat' dir='ltr'>a</span> <span class='ocrx_word' id='word_1_110' title='bbox 606 1875 716 1935; x_wconf 88' lang='lat' dir='ltr'>Poenis</span> <span class='ocrx_word' id='word_1_111' title='bbox 739 1873 845 1951; x_wconf 90' lang='lat' dir='ltr'>cupitis</span> <span class='ocrx_word' id='word_1_112' title='bbox 868 1871 1027 1934; x_wconf 89' lang='lat' dir='ltr'>damnatus</span> <span class='ocrx_word' id='word_1_113' title='bbox 1049 1878 1103 1934; x_wconf 81' lang='lat' dir='ltr'>est.</span> 
     </span>
    </p>
   </div>
   <div class='ocr_carea' id='block_1_2' title="bbox 578 2073 880 2224">
    <p class='ocr_par' dir='ltr' id='par_1_3' title="bbox 578 2073 880 2224">
     <span class='ocr_line' id='line_1_16' title="bbox 578 2073 880 2224; baseline -0.02 -44"><span class='ocrx_word' id='word_1_114' title='bbox 578 2073 776 2224; x_wconf 80' lang='lat' dir='ltr'>depol</span> <span class='ocrx_word' id='word_1_115' title='bbox 828 2073 880 2178; x_wconf 89' lang='lat' dir='ltr'>ll.</span> 
     </span>
    </p>
   </div>
   <div class='ocr_carea' id='block_1_3' title="bbox 226 2253 1245 2548">
    <p class='ocr_par' dir='ltr' id='par_1_4' title="bbox 226 2253 1245 2548">
     <span class='ocr_line' id='line_1_17' title="bbox 235 2253 1239 2342; baseline 0.004 -22"><span class='ocrx_word' id='word_1_116' title='bbox 235 2253 337 2334; x_wconf 82' lang='lat' dir='ltr'>Quod</span> <span class='ocrx_word' id='word_1_117' title='bbox 364 2255 472 2323; x_wconf 81' lang='lat' dir='ltr'>Poeni</span> <span class='ocrx_word' id='word_1_118' title='bbox 495 2277 584 2342; x_wconf 82' lang='lat' dir='ltr'>poce</span> <span class='ocrx_word' id='word_1_119' title='bbox 610 2259 675 2325; x_wconf 82' lang='lat' dir='ltr'>eibi</span> <span class='ocrx_word' id='word_1_120' title='bbox 700 2263 826 2342; x_wconf 80' lang='lat' dir='ltr'>nepeta</span> <span class='ocrx_word' id='word_1_121' title='bbox 852 2255 1021 2341; x_wconf 75' lang='lat' dir='ltr'>Regulum</span> <span class='ocrx_word' id='word_1_122' title='bbox 1047 2259 1239 2324; x_wconf 79' lang='lat' dir='ltr'>ondetttcr</span> 
     </span>
     <span class='ocr_line' id='line_1_18' title="bbox 226 2353 1245 2443; baseline 0.006 -24"><span class='ocrx_word' id='word_1_123' title='bbox 226 2357 471 2422; x_wconf 72' lang='lat' dir='ltr'>interemerint.</span> <span class='ocrx_word' id='word_1_124' title='bbox 514 2357 691 2426; x_wconf 82' lang='lat' dir='ltr'>Romanoa</span> <span class='ocrx_word' id='word_1_125' title='bbox 715 2378 841 2443; x_wconf 79' lang='lat' dir='ltr'>pamm</span> <span class='ocrx_word' id='word_1_126' title='bbox 863 2355 1005 2443; x_wconf 79' lang='lat' dir='ltr'>feliciter</span> <span class='ocrx_word' id='word_1_127' title='bbox 1025 2357 1062 2420; x_wconf 88' lang='lat' dir='ltr'>in</span> <span class='ocrx_word' id='word_1_128' title='bbox 1083 2353 1245 2425; x_wconf 73' lang='lat' dir='ltr'>Siciliam</span> 
     </span>
     <span class='ocr_line' id='line_1_19' title="bbox 275 2457 1195 2548; baseline 0.007 -28"><span class='ocrx_word' id='word_1_129' title='bbox 275 2460 383 2524; x_wconf 79' lang='lat' dir='ltr'>semei</span> <span class='ocrx_word' id='word_1_130' title='bbox 407 2463 511 2544; x_wconf 80' lang='lat' dir='ltr'>atque</span> <span class='ocrx_word' id='word_1_131' title='bbox 537 2462 661 2548; x_wconf 69' lang='lat' dir='ltr'>iterum</span> <span class='ocrx_word' id='word_1_132' title='bbox 681 2463 876 2546; x_wconf 68' lang='lat' dir='ltr'>pugnantes</span> <span class='ocrx_word' id='word_1_133' title='bbox 899 2459 1036 2524; x_wconf 80' lang='lat' dir='ltr'>landem</span> <span class='ocrx_word' id='word_1_134' title='bbox 1056 2457 1195 2526; x_wconf 79' lang='lat' dir='ltr'>vicisse.</span> 
     </span>
    </p>
   </div>
   <div class='ocr_carea' id='block_1_4' title="bbox 194 2593 1315 4081">
    <p class='ocr_par' dir='ltr' id='par_1_5' title="bbox 194 2593 1315 4081">
     <span class='ocr_line' id='line_1_20' title="bbox 291 2593 1263 2677; baseline 0.002 -23"><span class='ocrx_word' id='word_1_135' title='bbox 291 2593 363 2657; x_wconf 88' lang='lat' dir='ltr'>Post</span> <span class='ocrx_word' id='word_1_136' title='bbox 388 2596 464 2658; x_wconf 89' lang='lat' dir='ltr'>hacc</span> <span class='ocrx_word' id='word_1_137' title='bbox 491 2597 566 2659; x_wconf 88' lang='lat' dir='ltr'>sessi</span> <span class='ocrx_word' id='word_1_138' title='bbox 593 2605 638 2659; x_wconf 86' lang='lat' dir='ltr'>tot</span> <span class='ocrx_word' id='word_1_139' title='bbox 666 2597 752 2659; x_wconf 75' lang='lat' dir='ltr'>unalis</span> <span class='ocrx_word' id='word_1_140' title='bbox 781 2595 1065 2677; x_wconf 79' lang='lat' dir='ltr'>CarthagirrienseS‚</span> <span class='ocrx_word' id='word_1_141' title='bbox 1098 2595 1263 2673; x_wconf 83' lang='lat' dir='ltr'>petendam</span> 
     </span>
     <span class='ocr_line' id='line_1_21' title="bbox 207 2679 1315 2776; baseline 0.005 -25"><span class='ocrx_word' id='word_1_142' title='bbox 207 2709 276 2752; x_wconf 88' lang='lat' dir='ltr'>esse</span> <span class='ocrx_word' id='word_1_143' title='bbox 299 2712 316 2753; x_wconf 95' lang='lat' dir='ltr'>a</span> <span class='ocrx_word' id='word_1_144' title='bbox 338 2693 481 2757; x_wconf 82' lang='lat' dir='ltr'>Romanis</span> <span class='ocrx_word' id='word_1_145' title='bbox 503 2714 609 2776; x_wconf 89' lang='lat' dir='ltr'>pacem</span> <span class='ocrx_word' id='word_1_146' title='bbox 633 2698 845 2758; x_wconf 86' lang='lat' dir='ltr'>decreverunt.</span> <span class='ocrx_word' id='word_1_147' title='bbox 883 2695 1118 2775; x_wconf 79' lang='lat' dir='ltr'>Adquamrem</span> <span class='ocrx_word' id='word_1_148' title='bbox 1133 2693 1263 2756; x_wconf 88' lang='lat' dir='ltr'>Atilium</span> <span class='ocrx_word' id='word_1_149' title='bbox 1314 2679 1315 2688; x_wconf 34' lang='lat'>¹</span> 
     </span>
     <span class='ocr_line' id='line_1_22' title="bbox 209 2789 1262 2876; baseline 0.004 -25"><span class='ocrx_word' id='word_1_150' title='bbox 209 2789 373 2874; x_wconf 82' lang='lat' dir='ltr'>Regulum,</span> <span class='ocrx_word' id='word_1_151' title='bbox 394 2804 483 2858; x_wconf 85' lang='lat' dir='ltr'>antea</span> <span class='ocrx_word' id='word_1_152' title='bbox 506 2798 615 2860; x_wconf 90' lang='lat' dir='ltr'>ducem</span> <span class='ocrx_word' id='word_1_153' title='bbox 635 2797 820 2874; x_wconf 83' lang='lat' dir='ltr'>Romanum,</span> <span class='ocrx_word' id='word_1_154' title='bbox 851 2815 942 2876; x_wconf 89' lang='lat' dir='ltr'>quem</span> <span class='ocrx_word' id='word_1_155' title='bbox 962 2797 1023 2876; x_wconf 89' lang='lat' dir='ltr'>jam</span> <span class='ocrx_word' id='word_1_156' title='bbox 1047 2812 1102 2873; x_wconf 91' lang='lat' dir='ltr'>pcr</span> <span class='ocrx_word' id='word_1_157' title='bbox 1123 2795 1262 2875; x_wconf 88' lang='lat' dir='ltr'>quinque</span> 
     </span>
     <span class='ocr_line' id='line_1_23' title="bbox 208 2895 1262 2976; baseline 0.004 -24"><span class='ocrx_word' id='word_1_158' title='bbox 208 2909 304 2954; x_wconf 92' lang='lat' dir='ltr'>annos</span> <span class='ocrx_word' id='word_1_159' title='bbox 334 2898 487 2975; x_wconf 88' lang='lat' dir='ltr'>captivum</span> <span class='ocrx_word' id='word_1_160' title='bbox 518 2897 713 2974; x_wconf 89' lang='lat' dir='ltr'>detinebant,</span> <span class='ocrx_word' id='word_1_161' title='bbox 747 2898 827 2960; x_wconf 91' lang='lat' dir='ltr'>inter</span> <span class='ocrx_word' id='word_1_162' title='bbox 854 2903 993 2958; x_wconf 84' lang='lat' dir='ltr'>caeteros</span> <span class='ocrx_word' id='word_1_163' title='bbox 1021 2895 1139 2976; x_wconf 89' lang='lat' dir='ltr'>legatos</span> <span class='ocrx_word' id='word_1_164' title='bbox 1165 2913 1262 2975; x_wconf 88' lang='lat' dir='ltr'>prae-</span> 
     </span>
     <span class='ocr_line' id='line_1_24' title="bbox 208 2993 1314 3077; baseline 0.004 -26"><span class='ocrx_word' id='word_1_165' title='bbox 208 2993 298 3070; x_wconf 87' lang='lat' dir='ltr'>cipue</span> <span class='ocrx_word' id='word_1_166' title='bbox 322 2996 502 3058; x_wconf 90' lang='lat' dir='ltr'>mittendum</span> <span class='ocrx_word' id='word_1_167' title='bbox 524 3004 725 3077; x_wconf 84' lang='lat' dir='ltr'>putaverunt:</span> <span class='ocrx_word' id='word_1_168' title='bbox 751 3015 841 3077; x_wconf 89' lang='lat' dir='ltr'>quem</span> <span class='ocrx_word' id='word_1_169' title='bbox 865 3014 926 3058; x_wconf 92' lang='lat' dir='ltr'>non</span> <span class='ocrx_word' id='word_1_170' title='bbox 947 2997 1106 3077; x_wconf 86' lang='lat' dir='ltr'>impetrata</span> <span class='ocrx_word' id='word_1_171' title='bbox 1127 3013 1204 3075; x_wconf 88' lang='lat' dir='ltr'>pace</span> <span class='ocrx_word' id='word_1_172' title='bbox 1227 2995 1262 3056; x_wconf 89' lang='lat' dir='ltr'>ab</span> <span class='ocrx_word' id='word_1_173' title='bbox 1313 3019 1314 3036; x_wconf 40' lang='lat' dir='ltr'>i</span> 
     </span>
     <span class='ocr_line' id='line_1_25' title="bbox 207 3088 1263 3178; baseline 0.005 -27"><span class='ocrx_word' id='word_1_174' title='bbox 207 3088 292 3154; x_wconf 87' lang='lat' dir='ltr'>ltalia</span> <span class='ocrx_word' id='word_1_175' title='bbox 318 3112 495 3175; x_wconf 85' lang='lat' dir='ltr'>reversum,</span> <span class='ocrx_word' id='word_1_176' title='bbox 531 3099 660 3160; x_wconf 87' lang='lat' dir='ltr'>resectis</span> <span class='ocrx_word' id='word_1_177' title='bbox 691 3097 857 3178; x_wconf 87' lang='lat' dir='ltr'>palpebris,</span> <span class='ocrx_word' id='word_1_178' title='bbox 884 3097 1035 3178; x_wconf 87' lang='lat' dir='ltr'>illigatum</span> <span class='ocrx_word' id='word_1_179' title='bbox 1064 3097 1096 3156; x_wconf 92' lang='lat' dir='ltr'>in</span> <span class='ocrx_word' id='word_1_180' title='bbox 1124 3094 1263 3157; x_wconf 88' lang='lat' dir='ltr'>machina</span> 
     </span>
     <span class='ocr_line' id='line_1_26' title="bbox 207 3193 1262 3277; baseline 0.004 -26"><span class='ocrx_word' id='word_1_181' title='bbox 207 3193 365 3274; x_wconf 88' lang='lat' dir='ltr'>vigilando</span> <span class='ocrx_word' id='word_1_182' title='bbox 398 3206 596 3261; x_wconf 85' lang='lat' dir='ltr'>necaverunt.</span> <span class='ocrx_word' id='word_1_183' title='bbox 653 3199 741 3260; x_wconf 86' lang='lat' dir='ltr'>Alter</span> <span class='ocrx_word' id='word_1_184' title='bbox 773 3199 884 3261; x_wconf 90' lang='lat' dir='ltr'>deinde</span> <span class='ocrx_word' id='word_1_185' title='bbox 917 3197 1030 3259; x_wconf 80' lang='lat' dir='ltr'>Atilius</span> <span class='ocrx_word' id='word_1_186' title='bbox 1061 3195 1198 3277; x_wconf 85' lang='lat' dir='ltr'>Regulus</span> <span class='ocrx_word' id='word_1_187' title='bbox 1234 3203 1262 3257; x_wconf 88' lang='lat' dir='ltr'>et</span> 
     </span>
     <span class='ocr_line' id='line_1_27' title="bbox 198 3291 1261 3379; baseline 0.005 -27"><span class='ocrx_word' id='word_1_188' title='bbox 198 3291 338 3359; x_wconf 57' lang='lat' dir='ltr'>‘Manlius</span> <span class='ocrx_word' id='word_1_189' title='bbox 360 3298 455 3362; x_wconf 87' lang='lat' dir='ltr'>Vulso</span> <span class='ocrx_word' id='word_1_190' title='bbox 477 3300 566 3362; x_wconf 90' lang='lat' dir='ltr'>ambo</span> <span class='ocrx_word' id='word_1_191' title='bbox 589 3303 700 3362; x_wconf 89' lang='lat' dir='ltr'>iterum</span> <span class='ocrx_word' id='word_1_192' title='bbox 729 3299 887 3379; x_wconf 89' lang='lat' dir='ltr'>consules,</span> <span class='ocrx_word' id='word_1_193' title='bbox 917 3316 986 3359; x_wconf 83' lang='lat' dir='ltr'>curn</span> <span class='ocrx_word' id='word_1_194' title='bbox 1014 3297 1111 3359; x_wconf 87' lang='lat' dir='ltr'>classe</span> <span class='ocrx_word' id='word_1_195' title='bbox 1139 3296 1261 3358; x_wconf 90' lang='lat' dir='ltr'>ducen-</span> 
     </span>
     <span class='ocr_line' id='line_1_28' title="bbox 209 3395 1313 3486; baseline 0.004 -35"><span class='ocrx_word' id='word_1_196' title='bbox 209 3399 307 3456; x_wconf 87' lang='lat' dir='ltr'>tarum</span> <span class='ocrx_word' id='word_1_197' title='bbox 341 3403 465 3461; x_wconf 88' lang='lat' dir='ltr'>navium</span> <span class='ocrx_word' id='word_1_198' title='bbox 499 3409 696 3482; x_wconf 84' lang='lat' dir='ltr'>et-quatuor</span> <span class='ocrx_word' id='word_1_199' title='bbox 724 3399 898 3481; x_wconf 82' lang='lat' dir='ltr'>legionibus</span> <span class='ocrx_word' id='word_1_200' title='bbox 926 3398 1105 3479; x_wconf 81' lang='lat' dir='ltr'>Lilybaeum</span> <span class='ocrx_word' id='word_1_201' title='bbox 1133 3395 1262 3477; x_wconf 85' lang='lat' dir='ltr'>proiecti</span> <span class='ocrx_word' id='word_1_202' title='bbox 1312 3437 1313 3486; x_wconf 64' lang='lat' dir='ltr'>p</span> 
     </span>
     <span class='ocr_line' id='line_1_29' title="bbox 208 3496 1261 3582; baseline 0.003 -30"><span class='ocrx_word' id='word_1_203' title='bbox 208 3500 296 3554; x_wconf 85' lang='lat' dir='ltr'>sunt:</span> <span class='ocrx_word' id='word_1_204' title='bbox 321 3500 403 3576; x_wconf 87' lang='lat' dir='ltr'>quod</span> <span class='ocrx_word' id='word_1_205' title='bbox 426 3501 568 3580; x_wconf 92' lang='lat' dir='ltr'>oppidum</span> <span class='ocrx_word' id='word_1_206' title='bbox 592 3505 623 3564; x_wconf 92' lang='lat' dir='ltr'>in</span> <span class='ocrx_word' id='word_1_207' title='bbox 646 3502 855 3582; x_wconf 87' lang='lat' dir='ltr'>promontorio</span> <span class='ocrx_word' id='word_1_208' title='bbox 871 3501 961 3562; x_wconf 92' lang='lat' dir='ltr'>situm</span> <span class='ocrx_word' id='word_1_209' title='bbox 977 3497 1105 3560; x_wconf 90' lang='lat' dir='ltr'>Romani</span> <span class='ocrx_word' id='word_1_210' title='bbox 1119 3496 1261 3560; x_wconf 89' lang='lat' dir='ltr'>obsidere</span> 
     </span>
     <span class='ocr_line' id='line_1_30' title="bbox 194 3588 1262 3692; baseline 0.002 -38"><span class='ocrx_word' id='word_1_211' title='bbox 194 3588 295 3692; x_wconf 42' lang='lat'><strong>01242]</strong></span> <span class='ocrx_word' id='word_1_212' title='bbox 318 3602 435 3678; x_wconf 85' lang='lat' dir='ltr'>conati,</span> <span class='ocrx_word' id='word_1_213' title='bbox 458 3603 698 3682; x_wconf 86' lang='lat' dir='ltr'>superveniente</span> <span class='ocrx_word' id='word_1_214' title='bbox 724 3601 888 3677; x_wconf 86' lang='lat' dir='ltr'>Annibale,</span> <span class='ocrx_word' id='word_1_215' title='bbox 917 3601 970 3679; x_wconf 92' lang='lat' dir='ltr'>qui</span> <span class='ocrx_word' id='word_1_216' title='bbox 999 3599 1160 3660; x_wconf 89' lang='lat' dir='ltr'>Amilcaris</span> <span class='ocrx_word' id='word_1_217' title='bbox 1183 3596 1262 3657; x_wconf 90' lang='lat' dir='ltr'>lilius</span> 
     </span>
     <span class='ocr_line' id='line_1_31' title="bbox 209 3694 1261 3782; baseline 0.003 -29"><span class='ocrx_word' id='word_1_218' title='bbox 209 3694 278 3772; x_wconf 78' lang='lat' dir='ltr'>suit,</span> <span class='ocrx_word' id='word_1_219' title='bbox 299 3698 390 3776; x_wconf 74' lang='lat' dir='ltr'>picti,</span> <span class='ocrx_word' id='word_1_220' title='bbox 420 3703 534 3782; x_wconf 89' lang='lat' dir='ltr'>majore</span> <span class='ocrx_word' id='word_1_221' title='bbox 564 3704 720 3765; x_wconf 84' lang='lat' dir='ltr'>exercitus</span> <span class='ocrx_word' id='word_1_222' title='bbox 748 3703 796 3762; x_wconf 92' lang='lat' dir='ltr'>sui</span> <span class='ocrx_word' id='word_1_223' title='bbox 825 3707 910 3780; x_wconf 86' lang='lat' dir='ltr'>parte</span> <span class='ocrx_word' id='word_1_224' title='bbox 939 3701 1057 3779; x_wconf 88' lang='lat' dir='ltr'>perdita</span> <span class='ocrx_word' id='word_1_225' title='bbox 1085 3699 1143 3778; x_wconf 92' lang='lat' dir='ltr'>ipsi</span> <span class='ocrx_word' id='word_1_226' title='bbox 1170 3714 1261 3777; x_wconf 90' lang='lat' dir='ltr'>aegro</span> 
     </span>
     <span class='ocr_line' id='line_1_32' title="bbox 209 3800 1260 3864; baseline 0.003 -11"><span class='ocrx_word' id='word_1_227' title='bbox 209 3808 381 3862; x_wconf 88' lang='lat' dir='ltr'>evaserunt.</span> <span class='ocrx_word' id='word_1_228' title='bbox 426 3803 495 3863; x_wconf 90' lang='lat' dir='ltr'>Post</span> <span class='ocrx_word' id='word_1_229' title='bbox 522 3803 577 3864; x_wconf 91' lang='lat' dir='ltr'>hos</span> <span class='ocrx_word' id='word_1_230' title='bbox 606 3801 751 3863; x_wconf 81' lang='lat' dir='ltr'>Claudius</span> <span class='ocrx_word' id='word_1_231' title='bbox 780 3800 887 3862; x_wconf 91' lang='lat' dir='ltr'>consul</span> <span class='ocrx_word' id='word_1_232' title='bbox 916 3819 984 3862; x_wconf 92' lang='lat' dir='ltr'>cum</span> <span class='ocrx_word' id='word_1_233' title='bbox 1013 3801 1111 3862; x_wconf 87' lang='lat' dir='ltr'>classe</span> <span class='ocrx_word' id='word_1_234' title='bbox 1140 3805 1260 3860; x_wconf 89' lang='lat' dir='ltr'>centnm</span> 
     </span>
     <span class='ocr_line' id='line_1_33' title="bbox 209 3900 1259 3980; baseline 0.005 -26"><span class='ocrx_word' id='word_1_235' title='bbox 209 3902 241 3954; x_wconf 89' lang='lat' dir='ltr'>et</span> <span class='ocrx_word' id='word_1_236' title='bbox 262 3900 372 3979; x_wconf 87' lang='lat' dir='ltr'>viginti</span> <span class='ocrx_word' id='word_1_237' title='bbox 396 3903 518 3962; x_wconf 88' lang='lat' dir='ltr'>navium</span> <span class='ocrx_word' id='word_1_238' title='bbox 541 3901 579 3962; x_wconf 93' lang='lat' dir='ltr'>ad</span> <span class='ocrx_word' id='word_1_239' title='bbox 600 3902 736 3980; x_wconf 88' lang='lat' dir='ltr'>Drepani</span> <span class='ocrx_word' id='word_1_240' title='bbox 758 3910 877 3980; x_wconf 91' lang='lat' dir='ltr'>portum</span> <span class='ocrx_word' id='word_1_241' title='bbox 906 3909 1011 3963; x_wconf 88' lang='lat' dir='ltr'>contra</span> <span class='ocrx_word' id='word_1_242' title='bbox 1040 3900 1157 3962; x_wconf 91' lang='lat' dir='ltr'>hostem</span> <span class='ocrx_word' id='word_1_243' title='bbox 1188 3916 1259 3979; x_wconf 91' lang='lat' dir='ltr'>pro-</span> 
     </span>
     <span class='ocr_line' id='line_1_34' title="bbox 209 3993 1259 4081; baseline 0.006 -30"><span class='ocrx_word' id='word_1_244' title='bbox 209 3993 319 4075; x_wconf 86' lang='lat' dir='ltr'>iectus,</span> <span class='ocrx_word' id='word_1_245' title='bbox 342 4002 448 4078; x_wconf 89' lang='lat' dir='ltr'>ibique</span> <span class='ocrx_word' id='word_1_246' title='bbox 471 4019 541 4061; x_wconf 85' lang='lat' dir='ltr'>rnox</span> <span class='ocrx_word' id='word_1_247' title='bbox 564 4009 712 4080; x_wconf 84' lang='lat' dir='ltr'>exceptus</span> <span class='ocrx_word' id='word_1_248' title='bbox 733 4003 829 4065; x_wconf 88' lang='lat' dir='ltr'>classo</span> <span class='ocrx_word' id='word_1_249' title='bbox 845 4003 1014 4064; x_wconf 85' lang='lat' dir='ltr'>Poenorum</span> <span class='ocrx_word' id='word_1_250' title='bbox 1031 4009 1193 4081; x_wconf 87' lang='lat' dir='ltr'>superatus</span> <span class='ocrx_word' id='word_1_251' title='bbox 1209 4006 1259 4062; x_wconf 89' lang='lat' dir='ltr'>cst.</span> 
     </span>
    </p>
   </div>
   <div class='ocr_carea' id='block_1_5' title="bbox 1314 2190 1319 3002">
    <p class='ocr_par' dir='ltr' id='par_1_6' title="bbox 1314 2190 1319 3002">
     <span class='ocr_line' id='line_1_35' title="bbox 1314 2190 1319 3002; baseline 0 0"><span class='ocrx_word' id='word_1_252' title='bbox 1314 2190 1319 3002; x_wconf 95' lang='lat' dir='ltr'> </span> 
     </span>
    </p>
   </div>
   <div class='ocr_carea' id='block_1_6' title="bbox 0 0 1328 4434">
    <p class='ocr_par' dir='ltr' id='par_1_7' title="bbox 0 0 1328 4434">
     <span class='ocr_line' id='line_1_36' title="bbox 0 0 1328 4434; baseline 0 0"><span class='ocrx_word' id='word_1_253' title='bbox 0 0 1328 4434; x_wconf 95' lang='lat' dir='ltr'> </span> 
     </span>
    </p>
   </div>
  </div>
 </body>
</html>
