2634 4434
546 297 616 366 117

62 539 248 614 egentesque
268 532 393 625 Romam
416 532 613 596 deseruntur:
637 533 692 596 nbi
713 541 862 599 ostentata
883 539 1005 604 nriseria
1021 555 1104 624 qud*

59 633 181 714 relaqne
215 633 325 696 delleta
358 652 414 716 per
446 633 651 697 Romanorum
679 638 875 698 severitatem
904 646 935 700 et
962 643 1107 710 vindicati

59 741 126 794 sunt
144 742 176 796 et
189 735 330 799 restituti.
368 735 460 798 Anno
474 735 512 797 ab
528 733 611 798 Urbe
626 733 748 799 condita
764 737 991 806 cccclxxxi.
1007 749 1111 824 pesti--

58 833 281 916 lentie-ingens
302 836 383 916 apud
404 834 529 900 Romam
557 836 775 918 conflagravit,
803 840 890 919 qu'us
917 846 1107 909 atrocitatem

57 935 228 1015 significare
251 936 415 998 contentus
436 953 515 1015 sum,
539 936 610 1017 qula
632 938 736 999 verbis
755 939 882 1019 implere
897 957 959 1003 non
975 954 1108 1023 possum.

56 1034 88 1098 Si
103 1037 185 1098 e‘nlm
201 1039 330 1117 spatium
346 1038 502 1118 temporis,
518 1055 580 1116 quo
591 1038 712 1114 mansit,
729 1039 903 1118 inquiritur,
920 1043 997 1107 ultra
1014 1045 1109 1110 bien-

16 1198 18 1201 .
55 1136 138 1198 nium
162 1139 309 1200 vastando
331 1145 471 1215 porrecta
494 1146 558 1213 est;
587 1139 614 1199 si
641 1138 853 1218 depopulatio,
882 1139 1110 1231 quom-egerit,

56 1254 167 1299 census
190 1239 324 1301 indictus
347 1241 405 1319 est,
427 1237 565 1318 quinon
587 1246 735 1319 quantum
758 1238 914 1302 hominum
931 1243 1111 1331 deperisset,

53 1338 106 1399 sed
123 1347 272 1418 quantum
292 1338 504 1420 superfuisset,
527 1337 714 1419 inquirerett
738 1340 764 1402 si
786 1339 943 1421 violentia,
968 1363 1028 1426 qua
1050 1349 1109 1411 ad'-

55 1434 177 1516 lecerit,
201 1439 343 1519 Sibyllini
365 1439 434 1501 libri
457 1447 551 1501 testes
574 1447 655 1516 sunt,
680 1439 732 1520 qui
756 1459 821 1504 eam
843 1443 970 1508 coelesti
986 1448 1029 1510 im
1046 1449 1109 1511 imss

53 1541 186 1620 positam
222 1539 454 1616 responderunt.
511 1540 571 1601 Sed
608 1557 648 1599 ne
682 1557 771 1616 quem
806 1549 920 1605 tentata
954 1543 1111 1628 usurpatio

54 1639 266 1702 translationis
289 1636 433 1715 offendat,
456 1639 622 1716 quodcum
640 1637 755 1718 Sibylla
777 1642 870 1701 iratos
892 1641 966 1704 deos
990 1647 1112 1725 dixerit,

54 1755 111 1801 nos
135 1740 211 1800 i‘ram
235 1737 402 1799 coelestem
425 1737 542 1799 dixisse
565 1737 741 1814 videamur,
765 1739 867 1801 audiat
890 1747 921 1802 et
943 1743 996 1804 ln*
1021 1741 1111 1821 [224]

56 1841 191 1921 telligat,
225 1838 308 1918 quod
335 1838 413 1900 baec
441 1839 499 1900 etsi
527 1837 708 1918 plerumque
738 1857 792 1918 per
819 1843 918 1904 adrias
947 1851 1113 1922 potestates

56 1940 149 2018 liunt,
184 1941 286 2028 tamen
314 1939 382 2000 sine
409 1938 536 2000 arbitrio
563 1939 780 2018 omnipotentis
807 1940 866 2002 Dei
896 1945 1021 2007 omnino
1050 1965 1112 2010 non

57 2041 141 2103 liunt.
187 2040 303 2102 Eodem
331 2030 468 2120 tem'porc
498 2037 700 2118 capparonia,
729 2041 817 2121 virgo
845 2041 975 2106 Vestalis
1003 2048 1113 2111 incesti

56 2161 121 2220 ree,
144 2140 312 2221 suspendio
332 2140 438 2221 perlit:
463 2147 623 2220 corruptor
638 2142 705 2220 ejus
726 2143 905 2222 consciique
930 2147 1013 2206 servi
1035 2153 1113 2226 supss

57 2244 151 2323 plicio
172 2241 286 2304 adlecti
313 2249 393 2304 sunt.
429 2239 510 2302 Eece
533 2240 733 2302 continuatim
758 2259 837 2320 quae
860 2249 892 2304 et
913 2237 1025 2323 quanta
1049 2265 1112 2308 nu-

59 2346 213 2406 meramus
235 2343 384 2405 accidisse
406 2344 495 2404 annis
517 2341 647 2422 singulis
671 2343 809 2420 plurima,
833 2337 914 2402 inter
937 2363 1014 2422 quos
1030 2355 1115 2408 certe

59 2462 129 2506 raro
145 2452 198 2506 aut
213 2462 311 2524 paene
326 2440 411 2505 nullo
427 2441 504 2503 nihil
520 2444 605 2503 triste
625 2449 756 2521 gestum.
791 2441 829 2501 Et
851 2439 909 2500 hoc
931 2440 1000 2502 cum
1024 2445 1115 2506 iidem

58 2546 237 2625 scriptores,
259 2543 415 2624 proposito
437 2541 497 2603 sibi
520 2543 616 2622 magis
638 2539 782 2602 laudandi
804 2541 941 2624 negotio,
972 2553 1118 2606 caverent

60 2646 298 2708 numerositates
326 2643 534 2719 miseriarum,
563 2659 604 2704 ne
626 2640 768 2719 eosdem,
792 2643 905 2722 quibus
927 2641 1003 2704 haec
1026 2645 1118 2708 etde

62 2747 176 2826 quibus
196 2745 420 2822 scribebantur,
443 2740 647 2820 offenderent,
670 2741 889 2824 auditoresque
911 2757 983 2830 suos
1006 2763 1118 2806 exem—

61 2847 121 2927 plis
143 2850 377 2927 praeteritorum
400 2853 519 2908 terrere
539 2847 640 2925 potius
656 2857 746 2924 quam
762 2843 916 2905 instruere
932 2843 1119 2908 viderentur.

62 2948 157 3010 Porro
180 2956 282 3010 autem
304 2965 371 3024 nos,
394 2948 426 3009 in
449 2947 557 3009 ultimo
579 2953 749 3024 temporum
774 2945 874 3025 positi,
905 2945 982 3008 mala
1003 2942 1119 3010 Roma-

63 3066 176 3112 norum
197 3051 278 3112 scire
305 3066 367 3110 non
394 3047 573 3128 possumus,
600 3046 661 3106 nisi
690 3063 745 3123 per
773 3061 843 3122 eos,
873 3047 925 3124 qui
954 3047 1120 3108 laudavere

62 3149 227 3212 Romanos
263 3149 394 3230 Exque
418 3146 549 3228 intelligi
572 3140 670 3220 datur,
696 3152 808 3224 quanta
824 3145 876 3207 illa
892 3145 1018 3222 luerint,
1042 3163 1121 3225 quae

63 3251 169 3314 studio
183 3259 308 3331 propter
322 3249 479 3311 horrorem
494 3263 635 3328 repressa
650 3251 732 3321 sunt,
756 3262 824 3306 curn
848 3252 931 3308 tanta
953 3247 1121 3309 invenian-

65 3358 130 3438 tur,
153 3369 233 3432 quae
255 3352 392 3414 tenuiter
413 3350 495 3410 inter
516 3347 622 3408 laudes
645 3361 788 3407 emanare
809 3349 985 3426 potuerunt.

445 3483 633 3622 taput
683 3459 755 3590 u.

67 3657 128 3726 De
154 3655 492 3742 Gurtbupinieneium
524 3657 655 3740 criptae
682 3655 849 3740 curiaque
872 3633 1030 3737 pbr-tuno,
1057 3671 1126 3736 quo

211 3755 293 3818 ante
314 3751 435 3820 bellum
459 3749 628 3817 Panicum
647 3747 902 3832 primumcum
923 3746 990 3810 uei.

134 3873 196 3935 ,Et
219 3877 361 3955 quoniam
385 3893 425 3936 ex
446 3873 505 3934 boc
522 3873 585 3953 jam
612 3869 725 3932 Punica
751 3865 833 3929 bella
861 3853 1049 3942 succedunt,
1075 3879 1127 3926 res

69 3976 139 4054 ipsa
172 3977 285 4057 exigit3
320 3982 355 4036 ut
382 3976 421 4037 de
449 3972 648 4052 Cartbagine,
677 3986 757 4048 quae
779 3971 850 4028 ante
873 3961 982 4024 urbem
1003 3964 1128 4024 Romam

933 4075 974 4127 8*
