2634 4434
563 346 638 448 aas

495 447 704 464 -A-a--n—fl-

61 582 277 663 Herculcum*
289 585 352 667 jam
385 603 425 646 ex
454 584 596 668 Augusto
621 585 775 663 miratus,
803 589 836 646 ot
861 581 961 646 adhuc
989 585 1130 672 publicus

61 691 268 765 persecutor,
296 687 459 748 occasione
481 684 537 749 tilii
557 684 755 762 sollicitatus,
779 685 832 765 qui
854 683 1016 764 imperinm
1038 685 1129 768 abje-

61 792 174 863 cerat,
206 785 335 867 arripuit
367 785 568 865 tyrannidem.
613 784 754 850 Galerius
787 785 947 866 Augustus
980 783 1130 850 Severum

61 886 235 950 Caesarem
256 887 407 950 adversus
427 885 614 955 Maxentium
634 885 759 950 Romam
783 905 853 949 curn
876 887 1016 952 exercitu
1039 887 1130 948 misit.

61 986 207 1050 Severus
222 1005 292 1050 cum
308 987 418 1051 Urbem
435 988 602 1064 obsideret,
624 986 754 1050 militnm
777 1004 902 1050 suorum
925 986 1046 1050 soelnre
1068 987 1130 1050 (ιιι-Δ

58 1093 172 1153 sertus
194 1095 226 1154 et
248 1089 387 1168 proditus
412 1095 506 1167 atque
532 1106 574 1149 ex
600 1105 641 1150 eo
668 1085 809 1168 fugiens,
838 1087 1003 1150 Ravennae
1026 1088 1129 1150 inter-

61 1185 172 1249 iectus
201 1196 258 1251 cst.
302 1187 474 1249 Herculeus
496 1185 698 1249 Maximianus
725 1192 906 1265 perseeutor
932 1195 964 1249 et
990 1205 1030 1250 ex
1058 1188 1129 1250 Au·
1172 1237 1176 1248 .

58 1295 162 1368 gusto
185 1295 352 1368 tyrannus,
380 1284 590 1349 confirmatum
612 1288 676 1368 jam
704 1288 736 1352 in
766 1287 895 1368 imperio
922 1287 1017 1352 lilium
1040 1297 1129 1352 veste

58 1407 103 1450 ac
136 1393 290 1467 potestate
317 1388 402 1469 regia
430 1387 564 1468 spoliare
596 1395 742 1464 conatus,
776 1388 924 1452 conviciis
957 1396 1059 1452 nutem
1092 1409 1129 1452 ac

57 1485 253 1551 tumultibus
268 1476 396 1551 militurn
411 1487 509 1570 palam
525 1490 721 1567 conterritus,
745 1489 777 1552 in
793 1486 920 1554 Galliam
936 1507 1011 1571 pro·
1036 1487 1127 1566 [538]

58 1590 171 1652 lectus
193 1595 256 1665 est,
278 1595 312 1653 nt
334 1588 534 1652 Constantino
557 1607 676 1670 genero
699 1607 799 1670 aeque
822 1589 900 1653 dolis
917 1590 1044 1669 iunctus
1065 1610 1127 1653 au-

60 1689 167 1752 ferret
193 1689 370 1769 imperinm:
401 1689 457 1753 sed
479 1707 535 1769 per
561 1689 654 1754 filiam
682 1688 892 1770 deprehensns
921 1698 952 1752 et
979 1691 1127 1771 proditus,

62 1790 183 1854 deinde
206 1791 237 1851 in
259 1787 363 1870 lugam
385 1806 506 1866 versus,
531 1789 684 1855 Massiliae
706 1807 870 1872 oppressus
893 1797 925 1855 et
946 1789 1130 1854 interiectus

62 1897 126 1954 est
168 1890 261 1952 Porro
284 1889 424 1954 Galerius
453 1891 556 1954 occiso
586 1891 703 1956 Severo
730 1891 881 1956 Licinium
910 1891 1127 1971 lmporatorem

63 1991 195 2053 creavit
231 1991 371 2072 Cumque
393 1993 640 2071 persecutionem
655 2011 673 2056 e
688 1993 881 2058 Diocletiano
897 2000 928 2054 et
943 1991 1127 2056 Maximiano

64 2093 190 2153 missam
214 2093 280 2172 ipse
301 2091 505 2156 atrocioribus
532 2093 642 2158 edictis
671 2094 944 2171 adcumulavisset,
973 2113 1009 2158 ac
1036 2102 1125 2178 ppst-

13 2245 18 2252 .
64 2209 160 2270 qnam
192 2207 250 2272 per
280 2211 378 2256 annos
411 2193 517 2256 decem
545 2195 629 2256 omni
654 2212 772 2274 genere
798 2194 956 2258 bominum
984 2193 1127 2256 exhausit

62 2294 252 2372 prurientes,
273 2292 446 2375 putrefacto
465 2293 630 2357 introrsum
653 2301 779 2378 pectore
801 2300 832 2356 et
853 2292 1006 2358 vitalibus
1020 2294 1125 2357 disso-
1210 2375 1214 2381 .

62 2393 151 2470 lutis,
177 2412 247 2455 cnm
269 2395 348 2456 ultra
370 2392 528 2454 horrorem
550 2391 701 2454 humanae
724 2394 866 2457 miseriae
889 2395 980 2456 etiarn
1004 2413 1125 2456 vermes

61 2501 234 2578 eructaret,
256 2493 441 2572 medicique,
464 2492 542 2555 ultra
558 2494 621 2573 jam
637 2491 786 2556 foetorem
804 2481 866 2554 non
882 2492 1028 2571 ferentes,
1051 2513 1125 2556 cre-

61 2595 123 2657 bro
140 2595 231 2674 jussu
251 2595 320 2673 ejus
339 2590 604 2668 occiderentur,a
626 2593 759 2674 quodam
782 2593 901 2658 medico
923 2595 1144 2656 constantiam

61 2715 108 2759 ox
135 2693 351 2785 uesperatione
378 2699 520 2754 sumente
546 2695 730 2776 increpitus,
758 2695 832 2758 irem
856 2694 1027 2758 ner-snam
1054 2713 1124 2758 esse

61 2811 215 2877 poenam,
236 2799 331 2873 atque
352 2791 424 2858 ideo
451 2810 469 2854 a
498 2794 624 2858 medicis
651 2811 713 2858 non
741 2813 831 2875 posse
864 2797 981 2872 cereri,
1014 2796 1123 2858 edictis

63 2898 130 2961 late
154 2895 272 2972 missis,
300 2893 488 2958 Christianos
515 2896 555 2959 de
581 2895 699 2962 exsiliis
720 2897 889 2960 revocavit.
931 2895 1000 2976 lpse
1021 2903 1123 2962 autem

63 2997 221 3059 cruciatus
242 3011 305 3057 nou
326 2996 484 3060 sustinens
509 2997 570 3060 vim
597 2998 680 3060 vitae
709 3012 784 3062 suae
813 2994 929 3062 adtulit.
974 2997 1017 3060 lta
1038 2997 1124 3062 nas-¹

63 3097 189 3179 publica
211 3112 296 3158 nunc
322 3095 379 3159 sub
401 3097 490 3160 novis
512 3104 644 3177 quatuor
666 3096 855 3177 principibus
877 3097 946 3177 tun,
967 3098 1122 3162 Constan-

65 3200 133 3260 tino
154 3204 186 3259 et
205 3197 373 3272 Maxentio,
395 3196 466 3260 filiis
481 3196 701 3279 Augustorum,
723 3197 842 3264 Licinio
856 3207 960 3264 autem
974 3207 1005 3262 et
1019 3198 1136 3265 Μαί·-

63 3301 161 3380 anino,
183 3297 358 3360 hominibus
379 3299 477 3360 novis.
521 3297 739 3362 Constantinus
761 3317 867 3380 pacem
890 3299 1031 3364 ecclesiis
1056 3309 1125 3382 post

64 3399 175 3461 decem
197 3415 311 3483 annos,
334 3415 424 3478 quarn
447 3416 464 3460 a
487 3397 738 3477 persecutoribus
758 3401 964 3479 vexabantur,
986 3403 1122 3466 indulsit

66 3499 187 3561 Deinde
218 3500 303 3563 inter
332 3499 565 3561 Constantinum
598 3505 631 3560 et
662 3496 848 3566 Maxentium
882 3500 997 3566 bellurn
1029 3505 1123 3566 civile
1216 3486 1220 3492 ¹

66 3606 208 3662 exortum
241 3607 297 3663 est.
338 3597 531 3678 Maxentius,
562 3616 658 3679 saepe
687 3599 790 3666 multis
816 3605 939 3684 praeliis
967 3601 1122 3682 fatigatus,

65 3701 175 3763 ultima
195 3700 234 3762 ad
256 3707 379 3781 pontem
401 3699 548 3769 Mulvium
571 3701 671 3765 rictus
692 3708 725 3766 et
745 3701 927 3768 interiectus
952 3709 1008 3764 est.
1052 3701 1141 3766 Μαί

66 3803 212 3880 aiminus,
234 3801 458 3882 persecutionis
472 3800 713 3868 Christianorum
733 3805 875 3870 incentor
896 3807 1123 3884 exsecutorque

66 3902 293 3980 infestissimus,
314 3903 395 3983 apud
411 3903 548 3980 Tarsum,
569 3903 642 3968 dum
666 3903 759 3968 civile
779 3901 894 3966 bellurn
915 3907 1021 3964 contra
1035 3902 1121 3968 Lini*

67 4003 451 4086 ntnmoispnnit,-mtantt.
488 4001 636 4081 Licinius,
657 4003 819 4082 repentina
840 4001 1121 4080 rabiosuscitntns,
