2634 4434
606 406 609 413 .
717 359 786 429 106

647 461 853 474 ......-.-.--·

219 596 330 679 duces,
353 617 425 664 cum
447 601 545 680 decipi
566 613 601 659 se
618 593 657 657 ab
673 593 830 677 Antigono
845 594 1021 677 singillatim
1047 596 1197 676 viderent,
1219 617 1265 680 per

220 701 370 780 epistolas
392 720 427 765 se
449 701 577 764 invicem
599 693 825 778 confirmantes,
847 697 980 759 coeundi
996 698 1027 758 in
1044 708 1138 758 unum
1155 705 1264 778 tempus

220 797 389 884 locumque
411 799 588 863 condicunt:
613 803 645 857 et
667 795 781 859 bellum
804 798 952 859 adversus
970 796 1160 878 Antigonum
1184 817 1263 861 ccm-

220 903 366 964 munibus
394 899 509 962 viribus
541 896 705 959 instruunt.
751 896 921 959 Cassander
954 897 1151 960 finitimorum
1185 899 1265 962 hellis

220 1001 385 1081 implicitus
416 995 644 1080 Lysimachum,
675 998 876 1060 clarissimum
907 999 988 1060 inter
1015 1015 1122 1061 omnes
1151 1001 1265 1076 ducem,

220 1117 290 1162 curn
313 1099 431 1180 ingenti
453 1114 545 1158 uranu
559 1115 614 1177 pro
629 1115 664 1161 se
679 1099 771 1161 sociis
786 1101 819 1160 in
834 1098 982 1160 auxilium
999 1099 1088 1162 misit.
1123 1098 1266 1164 Seleucus

220 1218 345 1281 quoque
360 1217 407 1261 ex
427 1197 501 1260 Asia
523 1199 638 1280 majore
662 1199 864 1279 descendens,
887 1215 986 1262 novus
1000 1197 1159 1282 Antigono
1179 1200 1266 1263 hostis

219 1302 357 1363 accesmt.
393 1297 451 1359 llic
470 1298 624 1378 siquidem
640 1299 791 1362 Seleucus
811 1300 940 1379 plurima
955 1317 1010 1380 per
1025 1302 1176 1362 orientem
1192 1302 1266 1363 inter

216 1401 319 1461 socios
340 1398 429 1479 regni
451 1396 641 1460 Macedonici
664 1399 744 1462 bella
766 1402 871 1481 gessit
906 1400 1058 1480 Principio
1073 1399 1265 1482 Babyloniam

218 1498 301 1560 hello
323 1501 511 1580 expugnavit
532 1506 577 1575 et,
594 1501 696 1579 cepit·
729 1499 905 1563 Bactrianos
933 1502 1021 1564 novis
1050 1501 1184 1564 motibus
1211 1503 1264 1563 ad-

215 1605 379 1681 surgentes
408 1600 587 1679 perdomuit.
633 1601 804 1664 'transitum
835 1601 947 1665 deinde
975 1603 1007 1663 iu
1034 1601 1150 1664 indiam
1180 1602 1263 1664 lacit:

217 1718 296 1781 quae
318 1706 387 1780 post
414 1709 542 1764 mortem
570 1700 757 1780 Alexandri,
785 1702 882 1765 veluti
910 1703 1046 1765 detracto
1074 1719 1264 1782 excussoque

215 1821 233 1863 a
260 1799 435 1864 cervicibus
459 1803 553 1886 jugo,
583 1803 756 1884 praelectus
784 1805 851 1884 ejus
879 1803 1051 1882 occiderat,
1079 1803 1264 1866 Androcottc

214 1901 345 1980 quodam
369 1902 407 1964 ad
429 1905 641 1966 vindicandam
665 1903 837 1965 libertatem
861 1902 955 1965 duce:
986 1905 1040 1984 qui
1063 1911 1169 1983 postea
1192 1921 1263 1966 cru-

214 2001 326 2062 deliter
346 2004 379 2064 in
400 2005 486 2067 cives
507 2023 614 2086 agens,
638 2020 716 2083 quos
732 2002 770 2064 de
786 2008 913 2065 externa
929 2003 1264 2066 dominatione-defen-

213 2103 317 2181 derat,
345 2102 411 2184 ipse
439 2106 567 2166 servitio
588 2101 756 2183 premebat.
801 2101 875 2165 Cum
899 2103 957 2166 hoc
980 2121 1055 2185 ergo
1077 2104 1265 2166 Audrccotto

214 2202 364 2266 Seleucus
387 2205 526 2285 quam'vis
548 2203 642 2264 multa
657 2209 689 2265 et
703 2203 809 2284 gravia
824 2203 904 2266 bella
919 2206 1076 2286 gessisset,
1099 2207 1266 2268 novissime

213 2299 303 2378 [208]
331 2304 456 2366 iirmatis
483 2304 572 2384 regni
600 2303 828 2366 conditionibus
856 2313 888 2366 et
909 2312 995 2384 pacta
1017 2323 1093 2384 pace
1116 2305 1265 2368 discessit.

211 2405 362 2467 Adunatis
385 2405 489 2484 itaque
512 2406 608 2485 copiis
630 2403 796 2466 Ptolemaei
818 2404 1034 2482 sociorumque
1057 2406 1139 2484 ejus,
1163 2424 1264 2488 pugna

212 2507 425 2568 committitur:
450 2506 537 2586 cujus
561 2514 675 2586 quanto
697 2507 852 2587 potentior
873 2505 1045 2584 adparatus,
1067 2511 1153 2566 tanto
1176 2509 1265 2569 ruina

211 2608 336 2688 gravior
361 2605 429 2667 luit.
473 2607 548 2668 Nam
576 2608 609 2668 in
641 2627 678 2670 ea
712 2615 786 2670 tunc
818 2605 911 2668 totius
943 2622 1042 2686 paene
1074 2603 1264 2668 Macedonici

211 2709 301 2788 regni
329 2707 413 2766 vires
441 2706 652 2769 conciderunt.
697 2707 730 2767 ln
754 2709 820 2786 ipso
842 2706 924 2767 hello
947 2706 1122 2786 Antigonus
1144 2709 1264 2770 occisus

211 2815 273 2870 est:
305 2806 360 2868 sed
388 2805 457 2867 linis
484 2805 558 2866 belli
579 2803 671 2888 hujus
693 2807 813 2868 initium
837 2805 962 2866 alterius
984 2803 1052 2867 suit.
1096 2805 1171 2868 Mam
1195 2826 1263 2870 cum

211 2907 382 2970 victoribus
404 2906 443 2968 de
464 2905 577 2986 pracda
599 2924 661 2967 non
684 2907 882 2981 conveniret,
911 2905 1020 2968 iterum
1049 2908 1080 2968 in
1108 2907 1182 2969 duas
1212 2907 1262 2970 fa-

212 3011 332 3071 ctiones
361 3007 555 3070 diducuntur.
601 3005 751 3070 Seleucus
777 3007 950 3085 Demetrio,
978 3006 1169 3070 Ptolemaeus
1197 3008 1261 3090 Ly-

210 3107 346 3171 simacho
363 3101 514 3189 jungitur.
549 3106 718 3170 Cassandro
741 3107 898 3185 defuncto,
921 3107 1001 3170 lilius
1016 3109 1170 3189 Philippus
1185 3128 1261 3172 suc-

211 3211 302 3272 cedit.
348 3207 399 3271 Sic
426 3227 468 3289 qu
504 3209 514 3270 i
542 3226 582 3270 ex
609 3209 731 3289 integro
759 3226 839 3271 nova
866 3208 1064 3272 Macedoniae
1091 3208 1172 3271 bella
1202 3229 1260 3272 na-

210 3318 347 3373 scuntur.
385 3309 458 3370 Anti
500 3316 547 3372 ter
567 3308 805 3372 Thessalonicen
829 3317 954 3371 matrem
977 3326 1078 3387 suam,
1102 3309 1262 3372 Cassandri

210 3428 355 3487 uxorem,
384 3410 524 3489 quamvis
551 3410 768 3473 miserabiliter
793 3428 847 3490 pro
869 3411 931 3473 vita
953 3416 1147 3492 precantem,
1173 3429 1261 3474 manu

210 3530 265 3574 sua
294 3509 562 3574 transverberavit.
607 3510 785 3573 Alexander
812 3509 907 3573 irater
933 3513 1015 3593 ejus,
1045 3512 1116 3572 dum
1147 3511 1260 3574 bellum

209 3613 356 3674 adversus
379 3609 502 3673 iratrem
525 3613 564 3675 ch
588 3612 737 3673 ultionem
769 3613 870 3672 matris
900 3612 1023 3674 instruit
1050 3631 1066 3674 a
1094 3612 1260 3687 Demetrio,

209 3715 297 3795 cujus
311 3713 458 3774 auxilium
474 3714 614 3792 petierat,
630 3712 858 3772 circumventus
874 3713 1033 3776 occiditur.
1064 3712 1261 3794 Lysimachus

209 3833 279 3875 cum
294 3812 498 3874 Dromichetis
513 3812 596 3890 regis
611 3810 759 3872 Thracum
776 3810 974 3874 infestissimo
990 3812 1071 3875 hello
1087 3822 1260 3895 urgeretur,

208 3913 355 3975 adversus
377 3910 566 3972 Demetrium
594 3929 732 3991 pugnare
760 3929 822 3974 nou
850 3915 956 3993 potuit.
1001 3915 1178 3976 Demetrius
1201 3933 1258 3976 au-

208 4019 334 4094 gmento
363 4008 510 4074 Graeciae
537 4016 569 4072 et
596 4013 690 4074 totius
718 4011 916 4077 Macedoniae
943 4014 1057 4095 elatus,
1091 4016 1123 4078 in
1157 4014 1259 4078 Asiam
