2634 4434
693 318 768 387 220

625 419 834 430 —-—-—-

203 558 333 641 primum
355 572 458 638 pugna
479 553 636 637 longatus,
659 553 772 615 deinde
792 551 923 614 adversa
945 556 1129 631 tempestate
1150 567 1270 614 corre-

203 666 288 741 ptus,
322 656 482 738 plurimam
506 656 616 719 classis
643 661 760 735 partem
787 660 821 714 et
847 669 911 713 non
940 669 1067 732 parvum
1096 668 1269 715 numerum

204 758 345 835 militurn,
367 759 505 837 equitum
528 774 604 819 vero
626 773 725 835 paene
748 771 869 815 ornnem
893 751 1082 832 disperdidit
1120 751 1268 834 Regres-

202 878 256 923 sus
284 860 317 921 in
344 855 470 919 Gelliam
500 858 640 939 legiones
671 856 703 916 in
725 854 854 917 hiberna
875 853 1005 929 dimisit,
1032 870 1070 913 ac
1093 862 1270 915 sexcentas

203 976 299 1022 naves
325 958 487 1039 utriusque
514 956 667 1020 commodi
694 955 761 1017 lieri
787 955 956 1036 imperavit
998 954 1122 1027 ‘Quibus
1151 955 1268 1016 iterum

203 1061 236 1123 in
251 1059 437 1122 Britanniam
459 1061 557 1141 primo
578 1076 654 1119 vere
677 1062 879 1133 transvectus,
901 1056 974 1117 dum
996 1056 1119 1134 ipsein
1142 1054 1267 1117 hostem

204 1155 291 1243 [396]
315 1178 384 1222 curn
407 1161 547 1222 exercitu
565 1158 684 1239 pergit,
712 1174 809 1219 naves
835 1158 868 1218 in
894 1156 1016 1217 ancoris
1035 1162 1156 1217 stantes
1178 1162 1265 1217 tem-

204 1266 322 1341 pestate
344 1266 504 1339 correptae
533 1258 585 1319 vel
613 1258 740 1319 collisae
765 1259 848 1319 inter
874 1273 925 1333 se,
954 1256 1005 1317 vel
1031 1257 1136 1317 arenis
1165 1256 1266 1317 illisae

205 1378 242 1423 ec
256 1360 424 1423 dissolutae
444 1365 524 1421 sunt.
561 1358 609 1419 Ex
631 1358 743 1439 quibus
766 1358 967 1438 quadraginta
989 1358 1162 1437 perierunt,
1187 1376 1263 1418 cac—

204 1466 290 1523 terae
313 1477 381 1521 cura
398 1477 507 1541 magna
520 1458 702 1521 difficultate
717 1464 875 1539 reparatae
890 1463 972 1520 sunt.
1009 1457 1150 1519 Caesaris
1167 1459 1262 1538 equi-

204 1566 284 1623 telns
306 1560 403 1639 prime
424 1576 595 1641 ¹congressu
618 1577 634 1621 a
658 1558 811 1621 Britannis
838 1559 956 1635 victus,
983 1558 1089 1638 ibique
1109 1557 1262 1620 Laberius
1290 1550 1294 1556 ’

204 1660 346 1721 tribunus
369 1660 489 1723 eccisus
512 1667 567 1721 est.
605 1659 748 1722 Secundo
769 1658 886 1740 praelio
906 1656 1112 1740 cummagno
1134 1676 1260 1721 suornm

204 1759 382 1823 discrimine
408 1761 507 1822 victos
528 1759 690 1821 Britannos
713 1761 745 1821 in
768 1758 870 1841 fugam
892 1761 993 1822 vertit
1036 1759 1112 1821 lude
1135 1761 1175 1822 ad
1198 1760 1260 1820 iln-

204 1878 275 1923 men
290 1860 460 1923 'llramesim
484 1859 639 1939 profectus
663 1868 720 1937 est,
739 1879 835 1940 quem
858 1878 921 1921 uno
943 1867 1059 1923 tantum
1082 1860 1153 1923 loce
1174 1861 1261 1922 radis

205 1960 452 2028 transmeabilem
469 1959 581 2023 lerunt.
618 1961 759 2042 inhujus
778 1962 928 2024 ulteriore
948 1962 1013 2041 ripa
1029 1960 1260 2023 Cassiuellauno
1312 1959 1314 2016 Ι

141 2052 152 2073 “
205 2059 285 2123 duce
309 2060 457 2123 immensa
472 2060 604 2126 hostium
621 2061 784 2123 multitudo
799 2061 991 2138 consederat,
1012 2062 1176 2141 ripamque
1199 2061 1260 2122 ilu-

206 2160 296 2221 minis
319 2178 354 2223 ue
377 2178 475 2239 paene
498 2168 593 2223 toturn
617 2160 675 2222 sub
695 2180 777 2241 aqua
797 2162 909 2223 vadum
928 2161 1117 2223 acutissimis
1128 2162 1260 2223 sudibus

204 2268 439 2341 praestruxerat.
478 2261 566 2334 Quod
588 2262 641 2323 ubi
663 2280 682 2322 a
702 2261 847 2322 Romanis
869 2261 1093 2341 deprehensum
1113 2278 1154 2323 ae
1176 2264 1260 2323 vila-

205 2367 268 2423 lnm
302 2368 365 2437 est,
399 2359 520 2423 barbari
553 2361 711 2442 legionum
740 2363 887 2441 impeturn
918 2378 983 2423 aon
1009 2360 1148 2425 ferentes
1175 2363 1261 2424 silvis
1309 2383 1312 2468 p

204 2478 274 2523 sese
296 2460 453 2539 abdidere,
476 2462 559 2525 unde
581 2461 699 2524 crebris
722 2462 935 2541 eruptionibus
950 2460 1102 2524 Romanam
1124 2465 1262 2545 grauiter
1309 2475 1310 2478 ’

204 2578 240 2623 ac
263 2578 357 2639 saepe
377 2561 563 2623 lacerabant.
599 2562 720 2624 Interea
743 2559 962 2624 Trinobantum
983 2562 1156 2625 firmissima
1180 2564 1260 2625 civi-

204 2666 249 2720 tas
283 2678 352 2721 cum
385 2660 579 2742 Andragorio
613 2662 710 2739 duce,
744 2662 822 2724 datis
855 2662 1055 2743 quadraginta
1089 2662 1258 2740 obsidibus,

167 2772 174 2791 ⁸
205 2758 328 2823 Caesari
349 2779 419 2825 sese
442 2762 567 2823 dedidit.
610 2761 700 2834 Quod
722 2763 896 2843 exemplum
918 2770 1045 2825 secutae
1066 2764 1161 2825 urbes
1183 2762 1259 2825 aliae

204 2862 376 2942 complures
418 2864 450 2923 in
487 2860 595 2923 foedus
635 2862 840 2925 Romanorum
878 2870 1048 2924 venerunt:
1086 2864 1258 2943 iisdemque

204 2960 502 3037 demonstrantihuS‚
534 2959 646 3021 Caesar
668 2960 811 3040 oppidum
834 2960 1058 3025 Cassivellauni
1081 2965 1164 3026 inter
1188 2964 1258 3026 alnas

203 3059 330 3141 paludes
352 3060 460 3140 situm,
484 3060 611 3123 obtentu
634 3061 761 3141 insuper
782 3064 927 3124 silvarum
957 3066 1126 3143 munitum,
1155 3063 1256 3126 omni-

203 3160 324 3242 busque
350 3160 444 3224 rebns
472 3160 748 3239 confertissimum,
776 3163 898 3224 tandem
925 3166 1144 3247 gravipugna
1173 3164 1256 3243 cepit.

114 3398 119 3404 ·
205 3374 295 3453 [aar]
586 3344 780 3490 llaput
829 3344 878 3450 Χ.

203 3529 391 3599 Caesarem
419 3534 591 3601 adversus
616 3553 743 3601 monem
764 3531 944 3602 Galacum
961 3535 1257 3619 ‚conspirationem

317 3631 505 3719 prefectum
522 3634 645 3721 finisse,
668 3653 796 3719 eosque
817 3637 931 3704 denno
951 3637 1143 3721 accepisse.

287 3770 367 3833 Exin
389 3772 501 3835 Caesar
521 3792 539 3836 a
562 3774 716 3835 Britannis
730 3792 874 3838 reversus
889 3779 922 3839 in
938 3774 1077 3856 Galliam,
1100 3784 1256 3858 postquam

90 3884 92 3889 ·
204 3868 343 3947 legiones
366 3872 398 3933 in
418 3870 546 3935 hiberna
574 3874 674 3950 misit,
701 3876 871 3954 repentinis
899 3877 1051 3945 bellorum
1079 3877 1255 3940 tumultibus

204 3965 342 4044 undique
374 3971 602 4036 circumventas
636 3981 669 4036 et
695 3974 886 4041 condictatus
911 3985 967 4041 est.
1010 3976 1154 4056 namque
1181 3978 1255 4043 Am-
