2634 4434
568 295 616 366 35

73 525 195 592 Romani
216 529 282 610 ipse
303 528 334 590 in
356 528 461 608 primis
476 527 628 621 religione
644 530 814 615 compositi,
836 516 1119 694 panormitanus

72 625 263 708 Reipublicae
285 627 366 691 bone
390 627 584 709 tyrannides,
614 646 654 690 ne
683 629 819 708 ipsorum
846 628 901 711 qui
923 649 971 694 ern
992 635 1119 716 injurios

73 728 196 809 exigunt
217 734 425 810 tyrannorum.

344 980 604 1117 ‘thlli
657 979 781 1087 xlii.
958 1110 966 1122 ,
1052 1016 1119 1103 [rap

85 1183 219 1251 Bellum
253 1185 345 1250 inter
380 1180 663 1268 Peloponnen-res
699 1186 734 1249 et
767 1183 1015 1250 Athenienses:
1055 1187 1099 1251 de

83 1283 302 1352 Amazonum
325 1288 361 1350 et
381 1282 641 1351 cimmeriorum
663 1286 700 1350 in
721 1283 841 1351 Aeicm
863 1286 1028 1351 incursu:
1055 1287 1100 1351 de

84 1388 221 1452 diutine
242 1385 417 1452 obsidione
439 1388 475 1450 et
496 1388 752 1470 eocpupuotione
773 1386 973 1452 Messenae.
1014 1385 1097 1453 Bel-

81 1489 153 1552 lum
169 1485 428 1550 Atheniensium
451 1490 574 1551 cnunc
592 1486 900 1553 Lacedaemonios:
923 1486 1099 1572 Pelopon-

161 1588 324 1652 nensium
346 1590 380 1649 et
403 1585 621 1650 Boeotiorum
642 1591 765 1653 contra
786 1587 1026 1654 Athenienses.

147 1754 241 1817 Anno
279 1760 351 1815 ante
385 1753 496 1814 Urbem
534 1755 686 1816 conditam
720 1755 812 1819 XXX.
845 1756 1120 1835 Peloponnensium

63 1856 363 1934 Atheniensiumque
388 1855 552 1916 maximum
576 1855 690 1917 bellum
714 1858 786 1917 totis
808 1857 926 1919 viribus
948 1857 1120 1938 animisque

64 1957 259 2018 commissum
289 1964 351 2016 est:
379 1957 412 2016 in
440 1972 502 2035 quo
535 1957 649 2018 mutuis
682 1956 829 2018 caedibus
860 1956 899 2018 ad
931 1955 990 2018 hoc
1020 1961 1119 2020 coacti

64 2065 151 2134 sunt,
181 2063 216 2116 nt
236 2055 322 2117 velut
345 2057 418 2116 victi
440 2073 475 2116 se
496 2055 534 2116 ab
557 2055 706 2118 alterutro
727 2057 959 2134 subtraherent,
981 2057 1118 2118 bellum-

65 2175 124 2236 que
155 2156 343 2217 desererent.
392 2156 478 2218 Tunc
504 2157 595 2216 etiam
623 2155 814 2218 Amazonum
840 2158 942 2238 gentis
971 2165 1003 2218 et
1032 2157 1118 2218 Cim-

65 2256 230 2317 meriorum
253 2257 285 2317 in
307 2255 412 2316 Asiam
433 2258 613 2335 repentinus
636 2257 786 2320 incursas·
800 2257 960 2338 plurimam
983 2257 1037 2318 din
1059 2257 1120 2318 late

64 2358 266 2418 vastationem
283 2363 484 2438 ‘stragemque
507 2357 611 2420 edidit.
1111 2363 1116 2370 ’

148 2539 241 2602 Anno
269 2543 417 2604 uicesimo
449 2515 520 2602 ante
553 2539 667 2600 Urbem
699 2539 853 2602 conditam
880 2538 1121 2604 Lacedaemonii
1213 2591 1218 2600 .

65 2648 172 2702 eontra
193 2640 362 2704 Messenios
385 2647 509 2720 propter
530 2646 647 2721 spretas
668 2641 806 2721 virgines
831 2658 903 2704 suas
930 2642 961 2702 in
989 2640 1121 2704 solemni

63 2739 285 2812 Messeniorum
319 2740 485 2818 sacrificio,
519 2759 574 2821 per
600 2758 698 2803 annos
727 2741 836 2822 viginti
864 2741 1021 2804 indefesso
1050 2741 1120 2818 [80]

63 2839 170 2904 surore
193 2841 358 2920 bellantes,
392 2843 501 2904 ruinae
530 2859 604 2904 suae
633 2848 712 2904 totas
738 2840 887 2902 Graeciae
915 2843 997 2904 vires
1022 2842 1119 2921 inpli—
1219 2851 1222 2856 ’

63 2949 213 3004 suerunt:
234 2945 312 3022 qui,
335 2961 403 3004 cum
427 2960 461 3005 se
485 2941 601 3022 magnis
625 2943 889 3026 exsecretiaeribus
911 2943 1120 3021 devovissent,

62 3042 603 3122 sacramentisque,obstrinxissent,
632 3043 772 3120 domum,
805 3046 864 3106 nisi
890 3043 1030 3107 Messena
1057 3064 1118 3107 ex-

65 3149 219 3226 pugnate,
252 3160 408 3223 utinquam
442 3160 510 3204 esse
543 3143 715 3220 redituros,
742 3163 778 3206 ac
806 3161 862 3222 per
889 3144 996 3208 decem
1022 3161 1121 3205 annos

61 3243 155 3324 longa
179 3242 296 3325 fatigati
319 3242 494 3321 obsidione,
518 3233 576 3306 neo
598 3251 700 3306 tamen
723 3245 857 3322 aliquem
879 3243 1024 3304 vincendi
1047 3243 1120 3305 sru-

61 3351 147 3404 ctum
170 3343 287 3424 adepti:
316 3361 407 3424 porro
435 3351 536 3406 antem
565 3341 601 3404 et
623 3342 760 3422 querelis
782 3358 912 3405 uxorum
933 3360 1027 3424 super
1049 3343 1121 3421 [811

61 3441 158 3524 longa
181 3444 347 3521 viduitate,
375 3450 407 3506 et
434 3443 570 3522 periculo
593 3443 761 3504 sterilitatis
783 3447 1019 3509 contestantium
1042 3466 1118 3527 per-

61 3545 138 3606 moti
161 3552 397 3622 mnocerentnr,
421 3543 645 3606 consultatione
668 3543 785 3623 habita,
812 3547 905 3608 veriti
931 3565 987 3619 ne,
1016 3549 1118 3609 inter-

62 3651 153 3724 cepta
186 3663 241 3725 spe
273 3645 404 3722 scholia,
437 3647 495 3707 sibi
529 3644 716 3726 magistrae
749 3649 994 3726 perseverantia,
1028 3664 1119 3724 quam

61 3741 227 3807 Messeniis
249 3746 381 3826 perditio
404 3746 583 3822 nutriretur,
606 3744 739 3808 selectos
761 3747 793 3807 in
816 3749 956 3810 exercitu
978 3760 1043 3820 eos,
1066 3747 1120 3825 qni

62 3852 132 3922 post
148 3845 364 3928 jusjurandum
387 3848 418 3908 in
434 3846 679 3926 supplementum
695 3846 822 3908 militiae
836 3851 998 3920 venerant,
1021 3842 1118 3926 Spar-

62 3951 125 4006 tem
148 3948 319 4025 remittunt,
343 3946 455 4028 quibus
477 3947 666 4027 promiscuos
689 3946 824 4008 omnium
840 3943 1021 4011 seminarum
1036 3964 1119 4010 oon-
