2634 4434
550 303 620 374 123

478 405 688 414 ...—-——-—

65 538 178 620 argenti
200 537 322 601 talentis
339 537 430 619 jussu
452 537 613 600 consulum
635 535 780 600 multatus
802 537 928 618 aceepit
961 537 1110 608 consutos

63 637 277 720 Agrigentum,
302 637 426 700 Siciliae
449 637 604 700 civitatem
628 637 734 718 ibique
755 637 906 718 praesidia
928 639 1109 722 Poenorum,

63 738 202 818 operibus
224 739 367 818 valloque
383 739 555 800 cinxerunt.
589 737 729 819 Cumque
744 737 882 800 inclusus
898 757 934 802 ea
950 741 1111 804 obsidione

61 840 162 900 senior
176 838 321 916 Annibal,
343 839 506 918 imperator
521 838 702 918 Poenorum,
725 838 762 900 ad
778 856 925 904 summam
942 848 1111 923 egestatem

60 939 198 1001 redactus
221 946 318 1017 esset,
347 938 455 1016 Anno,
483 938 647 1019 imperator
673 956 772 1001 novus
803 938 1110 1024 Carthaginiensium,

60 1057 125 1100 cum
149 1040 305 1120 equitibus
328 1039 411 1102 mille
434 1041 611 1120 quingentis
628 1047 659 1101 et
674 1039 799 1120 triginta
814 1041 948 1106 millibus
964 1043 1111 1125 peditum,

60 1140 181 1221 triginta
209 1143 301 1203 etiam
330 1138 500 1220 elephantis
526 1157 566 1200 ex
594 1139 761 1218 improviso
789 1141 978 1220 intercessit,
1006 1160 1110 1222 expu-

59 1242 298 1322 gnationemque
314 1240 447 1302 civitatis
462 1240 617 1320 paulisper
632 1240 763 1302 distulit:
788 1241 843 1303 sed
865 1244 1012 1304 continuo
1027 1243 1110 1304 civi·

59 1346 101 1402 tas
123 1349 211 1421 capta
235 1349 291 1403 est.
334 1341 429 1403 Poeni
451 1341 583 1415 maximo
605 1339 688 1403 bello
711 1343 784 1404 victi
807 1349 839 1404 et
860 1342 1023 1424 profligati,
1046 1361 1110 1404 un·

57 1440 156 1503 decim
190 1441 345 1521 elephanti
377 1442 409 1502 in
441 1447 622 1521 potestatem
654 1442 786 1521 redacti,
822 1442 1021 1526 Agrigentini
1052 1443 1111 1506 sub

56 1558 172 1602 corona
206 1557 312 1602 omnes
344 1542 462 1603 venditi
493 1547 573 1602 sunt.
626 1540 760 1602 Annibal
793 1544 897 1605 senior
929 1542 1008 1606 lacta
1041 1561 1110 1606 cum

55 1643 164 1721 paucis
188 1641 350 1719 eruptione
377 1641 506 1720 dillugit.
551 1640 605 1699 Cn.
640 1640 783 1703 cornelio
816 1643 911 1704 Asina
944 1642 975 1706 C.
1008 1644 1112 1706 Duilio

56 1739 255 1818 consulibus,
289 1758 359 1802 cum
391 1738 526 1800 Annibal
558 1739 664 1800 senior
690 1757 773 1802 oram
800 1739 905 1804 ltaliae
932 1743 1113 1804 maritimam

57 1842 205 1902 instructa
238 1841 432 1922 septuaginta
464 1839 587 1900 navium
622 1839 720 1900 classe
749 1848 900 1920 vastaret,
925 1842 1053 1904 Romani
1081 1849 1113 1904 et

57 1942 114 2022 ipsi
148 1941 278 2003 classem
310 1939 452 2002 fabricari
485 1946 578 2019 atque
611 1940 723 2002 instrui
754 1951 993 2023 praeceperunt:
1029 1941 1112 2023 qued

57 2042 179 2104 Duilius
202 2040 310 2102 consul
332 2040 477 2103 celeriter
497 2039 642 2120 implevit.
686 2040 761 2103 Nam
784 2045 863 2106 intra
885 2046 1110 2126 sexagesimum

59 2144 150 2220 diem,
181 2161 271 2223 quam
293 2141 418 2202 arbores
441 2158 550 2203 caesae
572 2147 670 2218 erant,
693 2151 817 2205 centum
840 2146 964 2226 triginta
987 2145 1111 2205 navium

58 2243 166 2305 classis
189 2243 319 2305 deducta
347 2243 379 2303 in
407 2241 528 2303 ancoris
554 2243 648 2303 stetit.
694 2241 855 2304 Cornelius
882 2242 978 2306 Asina
1004 2243 1113 2305 consul

58 2344 230 2405 alter-oum
252 2334 388 2405 sedecim
413 2342 543 2404 navibus
562 2341 701 2423 Liparum
725 2343 855 2404 insulam
877 2345 975 2423 petiit,
998 2345 1052 2406 ubi
1074 2343 1112 2407 ab

59 2444 224 2522 Annibale,
247 2445 333 2524 quasi
356 2443 394 2504 ad
415 2443 600 2522 colloquium
617 2444 700 2522 pacis
717 2449 862 2503 evocatus
877 2444 989 2504 Punica
1005 2443 1113 2504 lraude

59 2553 166 2625 captus
193 2553 286 2624 atque
315 2545 347 2604 in
380 2543 514 2605 vinculis
547 2548 675 2604 necatus
708 2547 762 2603 cst.
814 2541 902 2614 Quod
935 2542 989 2605 ubi
1023 2539 1112 2618 [234]

59 2643 182 2708 Duilius
205 2629 282 2708 alter
305 2645 418 2706 Consul
441 2643 572 2721 audivit,
601 2660 671 2704 cum
699 2641 824 2723 triginta
846 2643 976 2706 navibus
997 2645 1113 2706 adver-

60 2763 112 2806 sus
146 2745 331 2808 Annibalem
364 2743 520 2825 profectus
554 2750 609 2806 est.
664 2736 838 2805 Commisso
865 2745 966 2806 navali
998 2744 1113 2824 praelio

60 2847 195 2909 Annibal
222 2849 332 2910 amissa
365 2847 452 2924 navi,
486 2864 545 2926 qna
579 2844 767 2923 vehebatur,
800 2843 912 2924 scapha
945 2845 1115 2925 subductus

60 2947 194 3030 aulugit‚
217 2949 342 3030 triginta
364 2956 395 3010 et
417 2965 478 3009 una
493 2964 588 3010 naves
604 2949 672 3028 ejus
688 2953 805 3027 captae,
821 2945 968 3007 tredecim
984 2962 1114 3024 mersae,

61 3049 117 3110 tria
141 3049 236 3111 millia
258 3049 414 3112 hominum
437 3050 549 3126 occisa,
571 3054 689 3127 septem
712 3047 806 3108 millia
829 3053 914 3127 capta
928 3045 1115 3110 referuntur.

61 3148 170 3212 Postea
195 3149 473 3231 Carthaginienses
497 3147 527 3210 C.
549 3145 687 3227 Aquillio
709 3145 798 3207 Floro
819 3145 851 3209 L.
876 3145 1019 3208 Cornelio
1042 3147 1115 3208 Sci·

61 3250 155 3328 pione
178 3250 367 3328 consulibus,
389 3250 553 3311 Annonem
569 3249 600 3309 in
617 3247 718 3308 locum
730 3244 892 3306 Annibalis
906 3245 1116 3326 subrogatum,

62 3368 117 3430 pro
141 3343 247 3414 Sardis
267 3356 299 3411 ct
321 3350 423 3411 Corsis
445 3347 660 3424 defensandis,
689 3345 789 3408 navali
812 3343 929 3424 praelio
950 3345 1116 3428 praeloca-

61 3458 150 3527 runt;
176 3451 229 3530 qui
251 3469 268 3511 a
293 3451 436 3530 Scipione
458 3449 585 3511 consule
607 3449 722 3524 victus,
752 3447 863 3510 amisso
891 3449 1031 3511 exercitu
1058 3450 1117 3529 ipsi

63 3549 298 3614 confertissimis
320 3550 459 3613 hostibus
480 3568 515 3613 se
536 3550 703 3628 inmiscuit,
729 3549 835 3632 ibique
857 3548 1039 3612 interiectus
1062 3556 1117 3610 est.

63 3651 180 3714 Eodem
202 3669 284 3714 anno
306 3653 364 3714 tria
386 3652 480 3713 millia
501 3667 660 3714 servorum
685 3658 716 3712 et
738 3658 870 3731 quatuor
894 3651 989 3713 millia
1016 3665 1116 3709 nava-

64 3751 139 3812 lium
162 3754 316 3815 sooiorum
345 3755 377 3815 in
405 3752 489 3815 urbis
516 3752 630 3814 Romae
657 3752 813 3814 excidium
842 3753 1056 3833 conjurarunt:
1087 3753 1118 3808 et

64 3853 125 3913 nisi
142 3859 290 3915 maturata
304 3854 435 3935 proditio
451 3853 612 3916 consilium
628 3853 846 3934 praeveniiset,
863 3850 1006 3915 destituta
1022 3863 1117 3928 prae-

64 3953 144 4015 sidio
166 3953 275 4016 civitas
297 3954 403 4017 servili
426 3971 516 4016 manu
538 3953 688 4035 periisset.
