2634 4434
559 304 631 373 233

491 402 698 414 -m

50 537 222 605 sociorum
246 543 406 623 Pompeius
429 544 553 625 cognito
575 560 684 605 omnes
706 560 745 605 eo
765 544 870 623 copias
891 546 1057 607 contraxit:
1088 545 1121 609 in

4 654 5 657 ’
51 662 161 723 quem
196 662 230 706 se
263 644 335 705 ilico
368 642 481 705 Caesar
508 644 620 706 omissa
648 641 809 705 obsidione
835 645 997 706 convertit.
1039 645 1120 707 'lor-

51 751 180 822 quatus
210 752 309 805 autem
341 762 359 805 e
386 746 518 826 vestigio
551 761 753 825 prorumpens
786 760 927 806 aversum
964 745 1121 807 insecutus

50 850 120 905 est.
163 844 205 906 lta
229 844 366 906 Caesaris
390 845 500 907 milites
524 846 649 926 ancipiti
671 844 810 925 periculo
828 845 929 905 territi
952 845 1018 924 ipso
1038 843 1121 905 Gae-

49 961 135 1006 sere
158 944 268 1008 frustra
297 945 464 1007 obsistente
487 946 642 1028 ingerunt.
686 946 847 1025 Pompeius
869 962 960 1023 vero,
983 943 1122 1009 Caesaris

49 1060 192 1125 quoque
221 1048 396 1109 testimonio
425 1049 540 1120 victor,
573 1052 811 1125 persequentem
838 1046 997 1107 revocavit
1022 1061 1121 1106 exer-

49 1144 168 1209 citum.
206 1148 344 1220 Quatuor
366 1146 460 1207 millia
483 1145 611 1206 rnilitum
628 1144 777 1221 Caesaris,
799 1147 997 1207 centuriones
1010 1146 1122 1226 viginti

49 1244 143 1322 duo,
179 1249 364 1326 equitesque
396 1245 524 1307 Romani
554 1244 727 1325 complures
754 1247 786 1307 iu
813 1263 852 1307 eo
879 1246 996 1325 praelio
1030 1241 1120 1321 [luo]

50 1346 148 1407 caesi
183 1354 263 1407 sunt.
315 1346 426 1407 Cacsar
457 1347 530 1409 inde
562 1347 654 1408 citato
687 1347 811 1430 agmine
843 1364 899 1426 per
930 1346 1054 1425 Epirum
1088 1349 1121 1408 in

47 1445 252 1506 Thessaliam
279 1447 435 1524 perrexit.¹
466 1446 626 1527 Pompeius
649 1464 718 1509 oum
742 1448 881 1509 maximis
903 1448 1000 1527 copiis
1022 1466 1119 1509 secu·-

47 1553 134 1622 ωε,ἱ
150 1544 327 1624 bellumque
350 1547 544 1637 commissum
567 1554 621 1611 est
653 1546 760 1627 ltaque
782 1550 943 1610 instnritur
964 1549 1119 1628 utrimque

48 1647 157 1707 acies.
201 1645 363 1725 Pompeius
389 1647 545 1726 octoginta
566 1654 598 1709 et
620 1654 690 1709 octo
712 1647 855 1708 cobortes
875 1648 988 1727 triplici
1010 1648 1120 1712 ordine

51 1747 184 1809 locavit.
221 1746 358 1807 Fuerunt
379 1752 480 1808 autem
503 1746 638 1827 peditum
656 1747 856 1828 quadraginin
870 1746 975 1825 millia,
998 1748 1120 1826 equites

51 1848 89 1907 in
117 1848 242 1909 sinistro
265 1864 363 1908 cornu
390 1848 530 1909 sexcenti
557 1848 589 1908 in
618 1847 728 1910 dextro
754 1848 931 1929 quingenti,
959 1855 1119 1928 praeterea

53 1964 155 2029 reges
177 1947 275 2024 multi,
298 1955 457 2012 senatores
479 1948 664 2029 equitesque
685 1948 814 2010 Romani
839 1948 972 2028 plurimi,
1001 1947 1119 2030 absque

53 2046 178 2109 levium
201 2055 421 2110 armaturarum
444 2066 552 2131 magna
575 2050 672 2129 copie.
718 2048 830 2113 Caesar
856 2050 999 2113 similiter
1025 2058 1117 2113 octo-

54 2150 148 2229 ginta
176 2147 317 2209 cohortes
346 2148 457 2228 triplici
485 2151 593 2211 ordine
622 2151 790 2229 disposuit,
824 2152 875 2211 eui
902 2150 1029 2212 luerunt
1055 2168 1118 2210 non

54 2250 165 2309 minus
188 2268 277 2328 quam
300 2250 425 2330 triginta
449 2249 541 2311 millia
563 2250 701 2328 peditum
723 2251 847 2328 equites
868 2249 962 2312 mille.
1005 2248 1118 2310 Videre

55 2348 104 2409 ibi
129 2356 161 2409 et
182 2368 309 2431 gemere
331 2356 406 2425 erat,
430 2357 601 2411 contractas
615 2349 821 2409 Romanorum
844 2350 927 2410 vires
949 2351 981 2411 in
1003 2350 1118 2428 campis

55 2449 242 2511 Pharsalicis
266 2449 304 2509 ad
325 2449 512 2509 occisionem
536 2454 670 2507 mutuam
691 2448 880 2507 constitisse:
904 2465 980 2527 quas
995 2450 1022 2508 si
1037 2465 1117 2508 con-

58 2552 169 2613 cordie
191 2550 340 2623 rexisset,
368 2547 445 2608 nulli
468 2546 590 2625 populi,
614 2545 691 2607 nulli
712 2562 804 2626 reges
831 2544 913 2606 ferre
940 2548 1119 2627 potuissent.

55 2648 162 2711 Piima
178 2648 398 2729 congressione
414 2648 568 2726 equitatus
582 2647 718 2727 Pompeii
741 2646 855 2726 pulsuS,
879 2648 1000 2709 sinistra
1023 2649 1119 2712 latera

58 2750 200 2813 nudavit.
237 2748 358 2810 Deinde
380 2764 449 2809 curn
472 2748 525 2809 din
547 2748 702 2827 utrimque
724 2747 816 2809 dubia
838 2756 921 2810 sorte
943 2750 1117 2811 caederen-

59 2858 124 2929 tur,
148 2858 240 2929 atque
264 2848 384 2911 exalia
407 2856 492 2929 parte
507 2848 669 2929 Pompeius
685 2850 766 2910 inter
780 2849 961 2911 hortandum
985 2850 1116 2912 diceret:

61 2951 157 3011 Parce
180 2951 310 3027 civibus,
333 2968 391 3011 nec
414 2958 515 3012 tamen
539 2949 654 3011 iaceret
662 2970 671 3024 3
699 2968 739 3014 ex
761 2950 820 3012 alia
840 2968 917 3012 vero
934 2950 1044 3013 Caesar
1060 2952 1119 3014 boo

62 3049 197 3129 iaceret,
228 3050 310 3131 qnod
340 3058 466 3129 urgerat
495 3051 616 3111 dicens:
641 3050 729 3111 Miles
756 3050 866 3113 iaciem
895 3050 971 3113 ieri:
996 3054 1117 3116 tandem

64 3154 227 3241 universus
249 3152 385 3230 Pompeii
409 3150 489 3230 fugit
511 3151 682 3225 exercitus,
710 3156 871 3229 castraque
898 3152 1017 3229 direpta
1038 3161 1138 3223 sunt„

66 3251 162 3313 Caesa
190 3258 262 3313 sunt
288 3252 320 3312 in
343 3268 381 3312 eo
403 3249 519 3330 praelio
541 3250 792 3328 Pompeianorum
816 3249 991 3328 quindecim
1014 3251 1118 3330 millia,

68 3353 265 3414 centuriones
288 3353 411 3432 triginta
434 3358 465 3412 et
487 3357 557 3412 tres.
590 3348 647 3409 llic
670 3350 771 3411 exitus
792 3366 914 3429 pugnae
935 3350 973 3411 ad
988 3350 1118 3415 Palaeo-

67 3452 237 3533 pbarsalnm
267 3451 340 3513 luit:
385 3452 546 3529 Pompeius
579 3448 702 3529 fugiens
737 3450 768 3512 in
796 3450 875 3511 ostio
901 3448 995 3513 Penei
1021 3455 1119 3516 amnis

70 3553 237 3614 onerariam
276 3570 385 3613 navem
428 3558 535 3612 nactus
575 3551 607 3611 in
640 3549 743 3612 Asiam
776 3552 903 3615 transiit.
958 3551 1031 3612 lnde
1064 3570 1120 3629 per
1164 3570 1166 3576 ’

71 3652 198 3733 Cyprum
228 3654 260 3713 in
282 3652 455 3733 Aegyptum
482 3652 585 3728 venit,
608 3650 731 3730 ibique,
754 3668 826 3713 mox
847 3659 881 3712 ut
908 3651 981 3710 litus
1008 3649 1118 3727 attigit,

69 3754 153 3832 jussu
182 3753 346 3815 Ptolemaei
374 3752 578 3813 adolescentis
612 3752 644 3811 in
671 3750 799 3832 gratiam
829 3748 966 3809 Caesaris
993 3747 1119 3810 victoris

73 3854 188 3915 occisus
211 3860 265 3914 est.
302 3852 435 3931 Pompeii
458 3869 537 3913 uxor
558 3852 676 3931 filiique
691 3850 855 3929 ingerunt:
881 3844 1009 3907 Caetera
1025 3844 1118 3906 Pom-

74 3954 177 4029 peiana
200 3951 306 4014 classis
330 3952 446 4030 direpta
474 3958 530 4027 est,
558 3949 710 4024 omnibus,
734 3947 787 4026 qui
810 3946 842 4005 in
864 3961 900 4005 ea
923 3950 1019 4022 erant,
1043 3963 1118 4007 eru·
1167 3967 1171 3973 ·
