2634 4434
691 309 740 377 88

611 407 819 418 ..μ-ψ...-

188 545 323 614 tionibus
345 542 490 624 fatigant,
511 548 547 604 ut
567 557 760 604 communem
781 537 901 606 hostem
923 535 1137 600 communibus
1158 534 1240 599 viri-

123 659 128 668 ·
188 646 246 709 bos
280 650 393 722 petant.
437 643 545 724 ltaque
576 642 753 720 aliquantae
782 635 1144 725 urbcsAtbeuieusibus
1171 651 1242 696 sese

190 746 392 826 conjunxere,
415 743 560 825 quasdam
582 755 658 802 vcro
680 739 717 800 ad
733 737 901 823 Philippum
924 735 998 797 belli
1021 742 1120 798 melus
1142 735 1242 799 traxit.

188 844 307 905 Praelio
335 843 514 927 commisso,
543 857 613 902 cum
640 836 847 901 Athenienses
869 835 962 916 longe
984 836 1090 916 majori
1113 851 1243 898 numero

91 995 97 1005 .
189 943 320 1004 rnilitum
342 949 548 1022 praestarent,
574 938 705 1002 assiduis
732 944 835 1000 tamen
860 935 949 1001 bellis
972 935 1112 999 indurata
1134 933 1243 996 blace-

190 1043 304 1104 donum
337 1043 451 1104 virtute
484 1043 664 1104 vincuntur:
697 1055 787 1118 quam
820 1053 952 1116 pugnam
979 1036 1074 1114 longe
1100 1033 1245 1097 omuibus

190 1141 396 1215 anterioribus
423 1140 513 1202 bellis
544 1139 728 1202 atrociorem
761 1135 873 1212 luisse,
907 1137 974 1214 ipsc
1005 1151 1108 1201 rerum
1142 1135 1245 1197 exitus

192 1241 305 1309 docuit.
340 1239 416 1302 Nam
437 1239 489 1302 bic
511 1240 577 1301 dies
598 1237 679 1317 apud
701 1237 875 1298 universam
893 1233 1050 1298 Graeciam
1073 1234 1246 1313 adquisitae

191 1339 407 1403 dominationis
422 1339 551 1422 gloriam
568 1345 600 1400 ct
611 1336 838 1400 vetustissimae
849 1335 999 1399 libertatis
1011 1340 1122 1398 statum
1133 1332 1245 1398 linivit.

522 1585 732 1724 taput
785 1583 913 1698 xit.

273 1793 422 1880 stuppa
443 1793 629 1863 craterum
652 1793 690 1856 ro
707 1767 899 1856 'oretanos
927 1790 969 1852 er.
988 1787 1161 1854 taratros.

274 1945 383 2008 Postea
403 1945 559 2024 Philippus
580 1943 824 2006 cruentissimam
846 1943 1007 2006 uictoriam
1030 1941 1061 2002 iu
1083 1940 1248 2003 ‘lbebauos

191 2051 225 2107 et
249 2044 508 2108 Lacedaemonios
539 2043 693 2104 exercuit:
722 2043 874 2122 siquidem
903 2042 1068 2122 principesv
1085 2041 1247 2103 civitatum

193 2145 270 2207 alios
298 2147 401 2208 securi
427 2143 594 2225 percussit,
622 2142 698 2205 alios
720 2143 753 2204 iu
775 2143 902 2204 exilium
925 2142 1004 2223 egit,
1027 2157 1133 2203 omnes
1155 2139 1248 2202 bonis

194 2247 334 2324 privavit.
369 2246 476 2308 Pulsus
504 2244 618 2307 dudum
644 2259 663 2304 a
685 2243 804 2306 civibus
826 2244 859 2304 in
880 2243 1007 2322 patriam
1029 2228 1180 2303 restituit:
1207 2259 1249 2302 ex

194 2344 307 2422 quibus
329 2351 485 2410 trecentos
506 2344 632 2407 exsules
648 2343 771 2423 judices
793 2349 993 2423 rectoresque
1007 2340 1167 2421 pmelecit,
1190 2340 1248 2420 qui

192 2451 228 2504 ut
249 2443 410 2525 antiquum
432 2443 569 2506 dolorem
591 2459 670 2505 nova
693 2450 843 2523 potestate
866 2447 1025 2519 curarent,
1048 2457 1170 2522 pressos
1184 2441 1248 2502 in·-

194 2541 328 2606 leliciter
355 2545 483 2625 populos
509 2544 542 2606 in
563 2561 649 2623 spem
671 2542 821 2605 libertatis
842 2543 995 2622 respirare
1017 2558 1079 2602 nou
1101 2541 1250 2602 sinerent

96 2632 104 2641 ⁸
194 2641 356 2705 Praeterea
371 2660 482 2724 magno
497 2642 620 2710 delectu
635 2642 765 2702 militurn
785 2644 817 2702 iu
832 2640 1002 2703 subsidium
1017 2641 1123 2721 regiae
1139 2640 1247 2719 dispu-

195 2740 327 2818 sitiouis,
353 2759 394 2802 ex
416 2747 479 2803 tota
501 2737 630 2801 Graecia
650 2739 765 2817 habito,
788 2739 921 2802 ducenta
943 2740 1036 2803 millia
1058 2740 1194 2820 peditum
1218 2746 1250 2800 et

197 2841 374 2920 quindecim
397 2840 490 2903 millia
513 2840 669 2918 equitum,
695 2840 812 2920 absque
834 2841 973 2902 exercitu
994 2839 1193 2902 Macedonum
1217 2845 1251 2900 et

196 2939 315 3002 inlinita
347 2941 486 3020 gentium
515 2937 673 3017 barbarie,
700 2938 840 3008 Persicae
867 2941 1058 3022 expeditioni
1084 2941 1116 3002 iu
1144 2939 1250 3003 Asiam

196 3034 283 3130 [itt]
307 3041 455 3104 missurus
477 3039 629 3102 instruxit.
672 3039 748 3104 'lres
771 3041 876 3119 duces,
898 3040 957 3103 boc
979 3048 1040 3116 est3
1067 3040 1249 3103 Parmenio-

197 3157 283 3217 nem,
305 3139 469 3221 Amyntam
492 3147 524 3202 et
545 3139 698 3218 Attalum,
720 3141 961 3222 praemittendos
983 3143 1014 3203 in
1036 3142 1143 3204 Persas
1166 3139 1250 3220 legit.

197 3239 236 3302 Et
268 3241 340 3302 dum
372 3241 596 3321 suprascriptae
629 3242 736 3321 copiae
773 3242 812 3310 de
848 3240 975 3303 Graecia
1012 3246 1251 3321 congregantur,

196 3339 379 3418 Alexandri,
402 3343 456 3421 qui
478 3349 544 3405 erat
566 3341 755 3422 Olympiadis
776 3342 881 3403 uxoris
904 3359 978 3404 suae
1001 3341 1106 3418 irater,
1129 3345 1252 3417 etpost

197 3457 215 3500 a
239 3439 360 3502 Sabinis
382 3442 414 3502 in
434 3441 569 3504 Lucania
590 3448 758 3522 prostratus
781 3449 838 3519 est,
861 3459 952 3521 quem
976 3440 1059 3520 Epiri
1081 3457 1188 3520 regem
1212 3437 1251 3498 cb

199 3540 372 3602 mercedem
388 3544 485 3622 stupri
507 3544 539 3604 in
561 3560 632 3604 eum
654 3543 819 3620 perpetrati
842 3544 1052 3618 constituerat,
1076 3540 1197 3619 nuptias
1220 3539 1252 3598 iu

198 3640 368 3720 copulando
391 3644 421 3704 ei
443 3641 535 3709 liliam
561 3659 647 3705 suam
676 3640 884 3720 Cleopatram,
919 3641 1078 3704 celebrare
1106 3639 1252 3702 decrevit

200 3741 261 3814 Qui
280 3759 349 3803 cum
368 3743 465 3823 pridie
488 3742 579 3821 quam
601 3739 795 3801 occideretur
817 3741 1023 3823 iuterrogatus
1038 3741 1158 3817 luisset,
1183 3739 1252 3818 quis

198 3841 267 3903 linis
290 3842 407 3903 bomini
428 3841 525 3920 magis
547 3846 630 3901 esset
652 3840 812 3917 optandus,
834 3843 1030 3922 respondisse
1050 3841 1159 3921 fertur,
1182 3856 1253 3900 cum

196 3959 266 4003 esse
288 3943 445 4021 optimum,
468 3941 523 4019 qui
544 3941 612 4000 viro
631 3937 714 4017 lorti,
736 3946 805 4020 post
819 3941 966 4004 virtutum
982 3959 1106 4006 suarum
1122 3939 1253 4022 gloriam
