2634 4434
568 334 636 404 151

500 433 705 444 ——--...-—..

71 559 129 620 sed
143 559 189 621 iili
212 560 251 623 de
272 560 402 640 theatro,
425 567 509 645 quod
530 566 637 630 haberi
660 571 867 652 prohibuerat,
890 589 1125 659 conquerantur.

69 657 171 739 igitur
190 661 224 722 in
246 661 391 742 Hispania
406 665 473 728 Ser.
490 665 583 730 Galba
599 677 723 748 praetor
736 672 898 740 Lusitanos
920 680 997 742 eitra
1011 682 1126 764 Tagum

68 757 188 822 flumen
201 760 384 842 habitantes,
405 784 476 828 eum
492 767 682 832 voluntarios
697 775 729 834 in
745 774 931 839 deditionem
947 782 1127 864 recepisset,

67 877 129 936 per
153 860 256 923 scelus
281 862 451 927 interiecit:
480 868 629 932 simulans
655 873 738 934 enim
768 875 807 936 de
829 878 997 942 commodis
1019 898 1127 946 eorum

65 974 103 1019 se
131 967 269 1023 actarum
295 962 380 1042 sore,
407 966 632 1046 circumpositis
660 971 808 1038 militibus
835 984 963 1042 cunctos
991 981 1126 1044 inermes

64 1059 273 1142 incautosque
294 1068 473 1144 prostravit:
498 1084 644 1146 quaeres
658 1078 764 1150 postea
780 1076 944 1139 universae
959 1079 1125 1160 Hispaniae

62 1167 193 1240 propter
210 1161 414 1226 Romanorum
442 1165 598 1244 perfidiam
626 1187 719 1234 eausa
741 1175 865 1237 maximi
887 1178 1035 1242 tumuitus
1057 1178 1123 1244 suit

348 1338 802 1556 ommutuit.
1028 1461 1121 1542 [aa

55 1615 122 1682 De
143 1617 245 1682 tertio
267 1616 352 1683 delto
375 1616 519 1685 Punico.
562 1617 734 1689 Consules
760 1627 806 1692 ud
827 1627 1005 1695 delendam
1027 1627 1121 1696 Cor-

57 1718 236 1803 tbnpt'nem
265 1715 438 1803 prophetoe
465 1715 606 1804 fugatos
633 1720 758 1807 finisse.
800 1723 945 1792 Interim
978 1728 1021 1794 de
1052 1732 1122 1796 attat
1246 1699 1254 1792 s

511 1821 676 1904 ejusdetn.

147 1972 240 2034 Anno
266 1972 305 2034 ab
328 1972 411 2035 Urbe
432 1975 555 2037 condita
577 1975 666 2040 nott.
687 1977 718 2040 L.
742 1977 911 2041 Censorino
934 1989 966 2042 et
988 1981 1025 2047 Μ.
1047 1982 1117 2047 bia-

58 2073 138 2135 nilio
153 2072 332 2136 consulibus
347 2075 470 2136 tertium
485 2075 920 2149 Punicumhellum-exortum
936 2089 991 2147 est.
1020 2081 1119 2165 igitur

58 2193 131 2236 cum
154 2180 279 2235 senatus
302 2174 461 2237 delendam
486 2175 698 2258 Carthaginem
721 2180 895 2242 censuisset
915 2181 1057 2270 proiecti,
1084 2185 1118 2246 in

57 2273 197 2336 Africam
219 2274 362 2337 consules
385 2282 417 2336 et
439 2275 559 2355 Scipio,
585 2283 661 2339 tunc
686 2277 828 2342 tribunus
851 2279 998 2361 militum,
1021 2300 1116 2364 prope

57 2375 178 2437 Uticam
204 2373 326 2452 majoris
355 2375 494 2438 Africani
523 2383 622 2438 castra
651 2385 827 2440 tenuerunt.
871 2379 917 2442 ibi
950 2381 1114 2463 Carthagi-

56 2473 221 2536 niensibus
248 2477 384 2538 evocatis
407 2476 581 2555 jussisque,
609 2481 643 2536 nt
670 2495 752 2538 arma
778 2485 810 2538 et
832 2495 926 2540 naves
949 2481 1115 2560 traderent,

56 2593 119 2636 nec
152 2577 291 2652 moratis,
325 2583 407 2637 tanta
435 2575 482 2635 vis
510 2593 663 2639 armorum
692 2583 821 2656 repente
850 2577 958 2640 tradita
989 2586 1052 2657 est,
1081 2588 1115 2642 ut
1187 2641 1192 2650 ,

57 2671 154 2736 facile
174 2683 237 2738 tota
259 2694 299 2737 ex
320 2676 368 2738 his
393 2673 498 2737 africa
525 2676 675 2755 potuisset
702 2679 819 2740 armari.
864 2678 926 2740 Sed
949 2677 1113 2762 Carthagi-

57 2776 186 2838 aienses
207 2783 368 2856 postquam
385 2793 468 2837 arma
483 2777 684 2860 tradiderunt,
705 2784 737 2839 et
750 2777 857 2839 relicta
872 2776 950 2840 urbe
965 2780 1114 2843 recedere

56 2875 167 2955 procul
188 2895 207 2938 a
229 2878 305 2940 mari
326 2877 434 2938 decern
456 2877 591 2940 millibus
612 2895 756 2959 passuum
774 2877 853 2958 jussi
872 2885 954 2956 sunt,
976 2877 1114 2948 dolorem

57 2976 97 3039 ad
120 2976 366 3057 desperationem
387 2977 586 3040 contulerunt
613 2986 667 3041 aut
693 2976 852 3042 defensuri
877 2977 1033 3043 civitatem
1061 2986 1115 3043 aut

58 3093 130 3138 enm
152 3077 218 3157 ipsa
240 3095 296 3157 per
317 3078 412 3157 ipsam
433 3077 620 3156 sepeliendi:
644 3079 803 3157 ducesque
822 3077 881 3138 sihi
897 3078 973 3141 duos
987 3079 1112 3143 Asdru-

57 3174 145 3240 bales
158 3185 353 3240 creaverunt.
384 3176 478 3238 Arma
492 3177 623 3256 primum
638 3175 742 3238 facere
758 3176 905 3256 adgressi,
920 3179 1001 3240 aeris
1015 3177 1112 3242 ferri-

58 3296 122 3358 que
136 3279 270 3357 inopiam
286 3280 354 3339 anri
368 3277 552 3360 argentique
567 3275 697 3339 metallis
712 3274 940 3355 suppleverunt.
964 3275 1113 3344 Consules

59 3395 239 3460 oppugnare
262 3376 475 3460 Carthaginem
497 3383 650 3456 statuunt,
673 3374 760 3454 cujus
782 3374 860 3436 situs
881 3372 977 3439 fnisse
999 3376 1112 3460 hujus-

58 3478 142 3541 modi
169 3479 296 3540 dicitur:
330 3479 447 3559 Viginti
474 3477 569 3540 miliia
589 3491 733 3557 passuum
756 3491 844 3538 muro
865 3477 1021 3558 amplexa,
1051 3486 1113 3545 tota

59 3595 159 3659 paene
181 3578 257 3639 mari
279 3577 461 3659 cingebatur
481 3576 599 3656 absque
621 3576 773 3654 saucibus,
796 3594 875 3657 quae
897 3578 1001 3641 tribus·
1025 3575 1111 3660 [280]

60 3678 195 3740 millibus
227 3693 371 3758 passuum
403 3677 626 3757 aperiebantur.
669 3676 699 3740 is
725 3676 811 3740 locus
840 3695 960 3740 murum
987 3679 1113 3758 triginta

61 3779 154 3857 pedes
176 3778 271 3840 latum
293 3777 400 3840 habuit
420 3795 495 3840 saxo
516 3778 664 3859 quadrato
684 3780 717 3840 in
733 3777 923 3841 altitudinem
940 3776 1112 3839 cubitorum

61 3878 272 3960 qnadraginta:
315 3877 396 3956 Arx,
419 3879 470 3940 cui
492 3878 606 3959 Byrsae
628 3895 741 3940 nomen
764 3883 844 3952 erat,
872 3874 962 3954 paulo
984 3876 1113 3955 amplius

62 3995 151 4056 qnam
178 3979 240 4042 duo
269 3978 363 4044 millia
390 3994 533 4057 passuum
560 3977 692 4039 tenebat
736 3975 783 4040 Ex
809 3991 871 4035 una
897 3980 982 4054 parte
1009 3993 1114 4040 murus
