<?xml version="1.0" encoding="UTF-8"?>
<!DOCTYPE html PUBLIC "-//W3C//DTD XHTML 1.0 Transitional//EN"
    "http://www.w3.org/TR/xhtml1/DTD/xhtml1-transitional.dtd">
<html xmlns="http://www.w3.org/1999/xhtml" xml:lang="en" lang="en">
 <head>
  <title>
</title>
<meta http-equiv="Content-Type" content="text/html;charset=utf-8" />
  <meta name='ocr-system' content='tesseract 3.04.00' />
  <meta name='ocr-capabilities' content='ocr_page ocr_carea ocr_par ocr_line ocrx_word'/>
</head>
<body>
  <div class='ocr_page' id='page_1' title='image "./pauliorosiipres00havegoog_0246.png"; bbox 0 0 2634 4434; ppageno 0'>
   <div class='ocr_carea' id='block_1_1' title="bbox 531 323 622 389">
    <p class='ocr_par' dir='ltr' id='par_1_1' title="bbox 531 323 622 389">
     <span class='ocr_line' id='line_1_1' title="bbox 531 323 622 389; baseline -0.011 0"><span class='ocrx_word' id='word_1_1' title='bbox 531 362 536 373; x_wconf 89' lang='lat'><strong>·</strong></span> <span class='ocrx_word' id='word_1_2' title='bbox 555 323 622 389; x_wconf 74' lang='lat'><strong>241</strong></span> 
     </span>
    </p>
   </div>
   <div class='ocr_carea' id='block_1_2' title="bbox 488 422 695 433">
    <p class='ocr_par' dir='ltr' id='par_1_2' title="bbox 488 422 695 433">
     <span class='ocr_line' id='line_1_2' title="bbox 488 422 695 433; baseline -0.01 0"><span class='ocrx_word' id='word_1_3' title='bbox 488 422 695 433; x_wconf 74' lang='lat'>....-.---—</span> 
     </span>
    </p>
   </div>
   <div class='ocr_carea' id='block_1_3' title="bbox 46 552 1146 3523">
    <p class='ocr_par' dir='ltr' id='par_1_3' title="bbox 46 552 1146 3523">
     <span class='ocr_line' id='line_1_3' title="bbox 49 552 1117 636; baseline -0.003 -17"><span class='ocrx_word' id='word_1_4' title='bbox 49 557 139 634; x_wconf 80' lang='lat' dir='ltr'><strong>dira,</strong></span> <span class='ocrx_word' id='word_1_5' title='bbox 162 558 193 618; x_wconf 93' lang='lat' dir='ltr'><strong>in</strong></span> <span class='ocrx_word' id='word_1_6' title='bbox 216 556 331 619; x_wconf 88' lang='lat' dir='ltr'><strong>ltaliam</strong></span> <span class='ocrx_word' id='word_1_7' title='bbox 353 556 464 622; x_wconf 86' lang='lat' dir='ltr'><strong>Caesar</strong></span> <span class='ocrx_word' id='word_1_8' title='bbox 485 552 615 636; x_wconf 79' lang='lat' dir='ltr'><strong>aufugit,</strong></span> <span class='ocrx_word' id='word_1_9' title='bbox 635 572 699 615; x_wconf 89' lang='lat' dir='ltr'><strong>nec</strong></span> <span class='ocrx_word' id='word_1_10' title='bbox 719 552 947 615; x_wconf 85' lang='lat' dir='ltr'><strong>interveniente</strong></span> <span class='ocrx_word' id='word_1_11' title='bbox 967 571 1062 632; x_wconf 84' lang='lat' dir='ltr'><strong>mora,</strong></span> <span class='ocrx_word' id='word_1_12' title='bbox 1084 556 1117 617; x_wconf 93' lang='lat' dir='ltr'><strong>in</strong></span> 
     </span>
     <span class='ocr_line' id='line_1_4' title="bbox 49 651 1115 735; baseline -0.006 -16"><span class='ocrx_word' id='word_1_13' title='bbox 49 657 200 719; x_wconf 84' lang='lat' dir='ltr'><strong>Siciliam</strong></span> <span class='ocrx_word' id='word_1_14' title='bbox 233 657 340 718; x_wconf 88' lang='lat' dir='ltr'><strong>rediit:</strong></span> <span class='ocrx_word' id='word_1_15' title='bbox 378 656 484 735; x_wconf 80' lang='lat' dir='ltr'><strong>ibique</strong></span> <span class='ocrx_word' id='word_1_16' title='bbox 517 654 665 735; x_wconf 89' lang='lat' dir='ltr'><strong>Lepidum</strong></span> <span class='ocrx_word' id='word_1_17' title='bbox 698 671 739 713; x_wconf 82' lang='lat' dir='ltr'><strong>ex</strong></span> <span class='ocrx_word' id='word_1_18' title='bbox 765 651 868 714; x_wconf 85' lang='lat' dir='ltr'><strong>Africa</strong></span> <span class='ocrx_word' id='word_1_19' title='bbox 903 652 1115 716; x_wconf 86' lang='lat' dir='ltr'><strong>adventantem</strong></span> 
     </span>
     <span class='ocr_line' id='line_1_5' title="bbox 47 753 1116 833; baseline -0.005 -16"><span class='ocrx_word' id='word_1_20' title='bbox 47 756 187 817; x_wconf 91' lang='lat' dir='ltr'><strong>obvium</strong></span> <span class='ocrx_word' id='word_1_21' title='bbox 205 756 321 831; x_wconf 90' lang='lat' dir='ltr'><strong>babuit,</strong></span> <span class='ocrx_word' id='word_1_22' title='bbox 336 771 469 817; x_wconf 90' lang='lat' dir='ltr'><strong>summas</strong></span> <span class='ocrx_word' id='word_1_23' title='bbox 484 755 542 816; x_wconf 90' lang='lat' dir='ltr'><strong>sibi</strong></span> <span class='ocrx_word' id='word_1_24' title='bbox 559 762 660 833; x_wconf 88' lang='lat' dir='ltr'><strong>partes</strong></span> <span class='ocrx_word' id='word_1_25' title='bbox 681 761 810 830; x_wconf 85' lang='lat' dir='ltr'><strong>terrore,</strong></span> <span class='ocrx_word' id='word_1_26' title='bbox 833 753 923 813; x_wconf 87' lang='lat' dir='ltr'><strong>minis</strong></span> <span class='ocrx_word' id='word_1_27' title='bbox 946 770 982 815; x_wconf 87' lang='lat' dir='ltr'><strong>ao</strong></span> <span class='ocrx_word' id='word_1_28' title='bbox 1002 770 1116 831; x_wconf 84' lang='lat' dir='ltr'><strong>super-</strong></span> 
     </span>
     <span class='ocr_line' id='line_1_6' title="bbox 48 848 1117 935; baseline -0.006 -18"><span class='ocrx_word' id='word_1_29' title='bbox 48 855 107 917; x_wconf 92' lang='lat' dir='ltr'><strong>bia</strong></span> <span class='ocrx_word' id='word_1_30' title='bbox 136 856 352 919; x_wconf 82' lang='lat' dir='ltr'><strong>vindicantem.</strong></span> <span class='ocrx_word' id='word_1_31' title='bbox 388 856 457 917; x_wconf 90' lang='lat' dir='ltr'><strong>Post</strong></span> <span class='ocrx_word' id='word_1_32' title='bbox 479 856 546 917; x_wconf 87' lang='lat' dir='ltr'><strong>dies</strong></span> <span class='ocrx_word' id='word_1_33' title='bbox 569 871 682 934; x_wconf 90' lang='lat' dir='ltr'><strong>paucos</strong></span> <span class='ocrx_word' id='word_1_34' title='bbox 705 848 840 935; x_wconf 78' lang='lat' dir='ltr'><strong>Agrippa</strong></span> <span class='ocrx_word' id='word_1_35' title='bbox 857 854 947 933; x_wconf 87' lang='lat' dir='ltr'><strong>jussu</strong></span> <span class='ocrx_word' id='word_1_36' title='bbox 966 852 1117 926; x_wconf 82' lang='lat' dir='ltr'><strong>Caesaris,</strong></span> 
     </span>
     <span class='ocr_line' id='line_1_7' title="bbox 47 938 1146 1034; baseline -0.005 -16"><span class='ocrx_word' id='word_1_37' title='bbox 47 973 66 1018; x_wconf 90' lang='lat' dir='ltr'><strong>a</strong></span> <span class='ocrx_word' id='word_1_38' title='bbox 93 956 193 1017; x_wconf 90' lang='lat' dir='ltr'><strong>litore</strong></span> <span class='ocrx_word' id='word_1_39' title='bbox 215 974 284 1016; x_wconf 90' lang='lat' dir='ltr'><strong>curn</strong></span> <span class='ocrx_word' id='word_1_40' title='bbox 303 956 370 1017; x_wconf 88' lang='lat' dir='ltr'><strong>acie</strong></span> <span class='ocrx_word' id='word_1_41' title='bbox 386 956 533 1016; x_wconf 82' lang='lat' dir='ltr'><strong>instructa</strong></span> <span class='ocrx_word' id='word_1_42' title='bbox 550 956 781 1034; x_wconf 89' lang='lat' dir='ltr'><strong>prospectantis,</strong></span> <span class='ocrx_word' id='word_1_43' title='bbox 804 955 995 1016; x_wconf 88' lang='lat' dir='ltr'><strong>atrocissimo</strong></span> <span class='ocrx_word' id='word_1_44' title='bbox 1016 951 1119 1014; x_wconf 83' lang='lat' dir='ltr'><strong>navali</strong></span> <span class='ocrx_word' id='word_1_45' title='bbox 1141 938 1146 945; x_wconf 70' lang='grc'><strong>’</strong></span> 
     </span>
     <span class='ocr_line' id='line_1_8' title="bbox 46 1052 1117 1133; baseline -0.006 -18"><span class='ocrx_word' id='word_1_46' title='bbox 46 1055 178 1133; x_wconf 88' lang='lat' dir='ltr'><strong>praelio</strong></span> <span class='ocrx_word' id='word_1_47' title='bbox 203 1055 350 1117; x_wconf 88' lang='lat' dir='ltr'><strong>adversus</strong></span> <span class='ocrx_word' id='word_1_48' title='bbox 366 1054 540 1133; x_wconf 88' lang='lat' dir='ltr'><strong>Pompeium</strong></span> <span class='ocrx_word' id='word_1_49' title='bbox 564 1054 702 1113; x_wconf 81' lang='lat' dir='ltr'><strong>condixit</strong></span> <span class='ocrx_word' id='word_1_50' title='bbox 724 1059 756 1114; x_wconf 92' lang='lat' dir='ltr'><strong>et</strong></span> <span class='ocrx_word' id='word_1_51' title='bbox 776 1054 859 1115; x_wconf 82' lang='lat' dir='ltr'><strong>vicit.</strong></span> <span class='ocrx_word' id='word_1_52' title='bbox 894 1052 969 1114; x_wconf 88' lang='lat' dir='ltr'><strong>Nam</strong></span> <span class='ocrx_word' id='word_1_53' title='bbox 993 1058 1117 1114; x_wconf 90' lang='lat' dir='ltr'><strong>centnm</strong></span> 
     </span>
     <span class='ocr_line' id='line_1_9' title="bbox 47 1152 1119 1235; baseline -0.006 -19"><span class='ocrx_word' id='word_1_54' title='bbox 47 1157 235 1235; x_wconf 85' lang='lat' dir='ltr'><strong>sexaginta·</strong></span> <span class='ocrx_word' id='word_1_55' title='bbox 252 1162 313 1218; x_wconf 90' lang='lat' dir='ltr'><strong>tres</strong></span> <span class='ocrx_word' id='word_1_56' title='bbox 347 1170 442 1213; x_wconf 87' lang='lat' dir='ltr'><strong>naves</strong></span> <span class='ocrx_word' id='word_1_57' title='bbox 476 1158 528 1213; x_wconf 88' lang='lat' dir='ltr'><strong>aut</strong></span> <span class='ocrx_word' id='word_1_58' title='bbox 561 1152 708 1213; x_wconf 78' lang='lat' dir='ltr'><strong>demersit</strong></span> <span class='ocrx_word' id='word_1_59' title='bbox 739 1157 792 1212; x_wconf 91' lang='lat' dir='ltr'><strong>aut</strong></span> <span class='ocrx_word' id='word_1_60' title='bbox 824 1152 913 1231; x_wconf 87' lang='lat' dir='ltr'><strong>oepit.</strong></span> <span class='ocrx_word' id='word_1_61' title='bbox 956 1152 1119 1232; x_wconf 88' lang='lat' dir='ltr'><strong>Pompeius</strong></span> 
     </span>
     <span class='ocr_line' id='line_1_10' title="bbox 47 1250 1117 1331; baseline -0.007 -14"><span class='ocrx_word' id='word_1_62' title='bbox 47 1272 131 1319; x_wconf 82' lang='lat' dir='ltr'><strong>curn</strong></span> <span class='ocrx_word' id='word_1_63' title='bbox 148 1256 255 1317; x_wconf 86' lang='lat' dir='ltr'><strong>decem</strong></span> <span class='ocrx_word' id='word_1_64' title='bbox 281 1260 312 1315; x_wconf 90' lang='lat' dir='ltr'><strong>et</strong></span> <span class='ocrx_word' id='word_1_65' title='bbox 333 1258 450 1330; x_wconf 87' lang='lat' dir='ltr'><strong>septem</strong></span> <span class='ocrx_word' id='word_1_66' title='bbox 473 1251 602 1313; x_wconf 89' lang='lat' dir='ltr'><strong>navibus</strong></span> <span class='ocrx_word' id='word_1_67' title='bbox 625 1252 678 1313; x_wconf 85' lang='lat' dir='ltr'><strong>vix</strong></span> <span class='ocrx_word' id='word_1_68' title='bbox 700 1252 821 1331; x_wconf 87' lang='lat' dir='ltr'><strong>elapsus</strong></span> <span class='ocrx_word' id='word_1_69' title='bbox 843 1252 947 1325; x_wconf 80' lang='lat' dir='ltr'><strong>erasit.</strong></span> <span class='ocrx_word' id='word_1_70' title='bbox 983 1250 1117 1329; x_wconf 86' lang='lat' dir='ltr'><strong>Lepidus</strong></span> 
     </span>
     <span class='ocr_line' id='line_1_11' title="bbox 49 1350 1116 1434; baseline -0.006 -19"><span class='ocrx_word' id='word_1_71' title='bbox 49 1371 174 1434; x_wconf 87' lang='lat' dir='ltr'><strong>magna</strong></span> <span class='ocrx_word' id='word_1_72' title='bbox 197 1353 308 1433; x_wconf 81' lang='lat' dir='ltr'><strong>viginti</strong></span> <span class='ocrx_word' id='word_1_73' title='bbox 331 1352 486 1433; x_wconf 85' lang='lat' dir='ltr'><strong>legionum</strong></span> <span class='ocrx_word' id='word_1_74' title='bbox 508 1352 672 1414; x_wconf 83' lang='lat' dir='ltr'><strong>insolentia</strong></span> <span class='ocrx_word' id='word_1_75' title='bbox 695 1360 832 1429; x_wconf 77' lang='lat' dir='ltr'><strong>tumenS,</strong></span> <span class='ocrx_word' id='word_1_76' title='bbox 855 1370 924 1413; x_wconf 90' lang='lat' dir='ltr'><strong>curn</strong></span> <span class='ocrx_word' id='word_1_77' title='bbox 946 1350 1116 1413; x_wconf 79' lang='lat' dir='ltr'>Messanam</span> 
     </span>
     <span class='ocr_line' id='line_1_12' title="bbox 46 1452 1117 1531; baseline -0.001 -18"><span class='ocrx_word' id='word_1_78' title='bbox 46 1454 213 1517; x_wconf 89' lang='lat' dir='ltr'><strong>militibus</strong></span> <span class='ocrx_word' id='word_1_79' title='bbox 246 1452 422 1530; x_wconf 77' lang='lat' dir='ltr'><strong>permissam</strong></span> <span class='ocrx_word' id='word_1_80' title='bbox 456 1452 646 1531; x_wconf 84' lang='lat' dir='ltr'><strong>diripuisset,</strong></span> <span class='ocrx_word' id='word_1_81' title='bbox 684 1453 782 1531; x_wconf 89' lang='lat' dir='ltr'><strong>ipsum</strong></span> <span class='ocrx_word' id='word_1_82' title='bbox 817 1452 978 1513; x_wconf 85' lang='lat' dir='ltr'><strong>Gaesarem</strong></span> <span class='ocrx_word' id='word_1_83' title='bbox 1010 1452 1049 1513; x_wconf 91' lang='lat' dir='ltr'><strong>ad</strong></span> <span class='ocrx_word' id='word_1_84' title='bbox 1081 1467 1117 1512; x_wconf 91' lang='lat' dir='ltr'><strong>se</strong></span> 
     </span>
     <span class='ocr_line' id='line_1_13' title="bbox 46 1552 1115 1632; baseline -0.002 -17"><span class='ocrx_word' id='word_1_85' title='bbox 46 1553 241 1616; x_wconf 88' lang='lat' dir='ltr'><strong>venientem</strong></span> <span class='ocrx_word' id='word_1_86' title='bbox 263 1553 360 1615; x_wconf 89' lang='lat' dir='ltr'><strong>semel</strong></span> <span class='ocrx_word' id='word_1_87' title='bbox 382 1560 474 1632; x_wconf 89' lang='lat' dir='ltr'><strong>atque</strong></span> <span class='ocrx_word' id='word_1_88' title='bbox 497 1553 606 1613; x_wconf 89' lang='lat' dir='ltr'><strong>iterum</strong></span> <span class='ocrx_word' id='word_1_89' title='bbox 630 1553 755 1630; x_wconf 88' lang='lat' dir='ltr'><strong>sprevit,</strong></span> <span class='ocrx_word' id='word_1_90' title='bbox 782 1570 819 1613; x_wconf 89' lang='lat' dir='ltr'><strong>ac</strong></span> <span class='ocrx_word' id='word_1_91' title='bbox 838 1554 941 1631; x_wconf 91' lang='lat' dir='ltr'><strong>potius</strong></span> <span class='ocrx_word' id='word_1_92' title='bbox 963 1552 1033 1613; x_wconf 90' lang='lat' dir='ltr'><strong>telis</strong></span> <span class='ocrx_word' id='word_1_93' title='bbox 1055 1570 1115 1630; x_wconf 89' lang='lat' dir='ltr'><strong>ap-</strong></span> 
     </span>
     <span class='ocr_line' id='line_1_14' title="bbox 47 1650 1115 1731; baseline -0.005 -16"><span class='ocrx_word' id='word_1_94' title='bbox 47 1652 125 1731; x_wconf 85' lang='lat' dir='ltr'><strong>peti</strong></span> <span class='ocrx_word' id='word_1_95' title='bbox 144 1652 253 1731; x_wconf 89' lang='lat' dir='ltr'><strong>jussit:</strong></span> <span class='ocrx_word' id='word_1_96' title='bbox 279 1670 358 1731; x_wconf 90' lang='lat' dir='ltr'><strong>quae</strong></span> <span class='ocrx_word' id='word_1_97' title='bbox 381 1651 433 1713; x_wconf 88' lang='lat' dir='ltr'><strong>ille</strong></span> <span class='ocrx_word' id='word_1_98' title='bbox 456 1652 584 1713; x_wconf 84' lang='lat' dir='ltr'><strong>collecta</strong></span> <span class='ocrx_word' id='word_1_99' title='bbox 606 1652 638 1711; x_wconf 93' lang='lat' dir='ltr'><strong>in</strong></span> <span class='ocrx_word' id='word_1_100' title='bbox 661 1650 781 1713; x_wconf 88' lang='lat' dir='ltr'><strong>laevum</strong></span> <span class='ocrx_word' id='word_1_101' title='bbox 804 1650 962 1715; x_wconf 82' lang='lat' dir='ltr'><strong>brachium</strong></span> <span class='ocrx_word' id='word_1_102' title='bbox 981 1651 1115 1726; x_wconf 87' lang='lat' dir='ltr'><strong>lacerna,</strong></span> 
     </span>
     <span class='ocr_line' id='line_1_15' title="bbox 49 1750 1114 1831; baseline -0.001 -20"><span class='ocrx_word' id='word_1_103' title='bbox 49 1750 240 1831; x_wconf 72' lang='lat' dir='ltr'><strong>repellendo</strong></span> <span class='ocrx_word' id='word_1_104' title='bbox 264 1751 378 1812; x_wconf 89' lang='lat' dir='ltr'><strong>vitavit.</strong></span> <span class='ocrx_word' id='word_1_105' title='bbox 422 1750 494 1812; x_wconf 83' lang='lat' dir='ltr'><strong>idox</strong></span> <span class='ocrx_word' id='word_1_106' title='bbox 516 1751 651 1813; x_wconf 89' lang='lat' dir='ltr'><strong>immisso</strong></span> <span class='ocrx_word' id='word_1_107' title='bbox 682 1766 763 1830; x_wconf 87' lang='lat' dir='ltr'><strong>equo</strong></span> <span class='ocrx_word' id='word_1_108' title='bbox 790 1751 828 1812; x_wconf 91' lang='lat' dir='ltr'><strong>ad</strong></span> <span class='ocrx_word' id='word_1_109' title='bbox 856 1767 929 1811; x_wconf 89' lang='lat' dir='ltr'><strong>suos</strong></span> <span class='ocrx_word' id='word_1_110' title='bbox 955 1766 1114 1826; x_wconf 80' lang='lat' dir='ltr'><strong>reversus,</strong></span> 
     </span>
     <span class='ocr_line' id='line_1_16' title="bbox 50 1849 1117 1930; baseline 0 -19"><span class='ocrx_word' id='word_1_111' title='bbox 50 1851 211 1911; x_wconf 87' lang='lat' dir='ltr'><strong>instructo</strong></span> <span class='ocrx_word' id='word_1_112' title='bbox 249 1852 388 1913; x_wconf 89' lang='lat' dir='ltr'><strong>exercitu</strong></span> <span class='ocrx_word' id='word_1_113' title='bbox 424 1851 571 1913; x_wconf 87' lang='lat' dir='ltr'><strong>adversus</strong></span> <span class='ocrx_word' id='word_1_114' title='bbox 603 1849 752 1930; x_wconf 90' lang='lat' dir='ltr'><strong>Lepidum</strong></span> <span class='ocrx_word' id='word_1_115' title='bbox 787 1851 935 1927; x_wconf 85' lang='lat' dir='ltr'><strong>veniens,</strong></span> <span class='ocrx_word' id='word_1_116' title='bbox 971 1850 1117 1930; x_wconf 85' lang='lat' dir='ltr'><strong>plurimas</strong></span> 
     </span>
     <span class='ocr_line' id='line_1_17' title="bbox 50 1948 1115 2031; baseline 0 -22"><span class='ocrx_word' id='word_1_117' title='bbox 50 1949 203 2029; x_wconf 84' lang='lat' dir='ltr'><strong>legiones</strong></span> <span class='ocrx_word' id='word_1_118' title='bbox 217 1948 334 2029; x_wconf 85' lang='lat' dir='ltr'><strong>Lepidi,</strong></span> <span class='ocrx_word' id='word_1_119' title='bbox 351 1951 455 2031; x_wconf 84' lang='lat' dir='ltr'><strong>paucis</strong></span> <span class='ocrx_word' id='word_1_120' title='bbox 477 1948 660 2026; x_wconf 87' lang='lat' dir='ltr'><strong>interiectis,</strong></span> <span class='ocrx_word' id='word_1_121' title='bbox 683 1950 814 2012; x_wconf 89' lang='lat' dir='ltr'><strong>transire</strong></span> <span class='ocrx_word' id='word_1_122' title='bbox 836 1952 976 2013; x_wconf 87' lang='lat' dir='ltr'><strong>insuam</strong></span> <span class='ocrx_word' id='word_1_123' title='bbox 998 1957 1115 2031; x_wconf 89' lang='lat' dir='ltr'><strong>partem</strong></span> 
     </span>
     <span class='ocr_line' id='line_1_18' title="bbox 53 2049 1116 2134; baseline 0 -25"><span class='ocrx_word' id='word_1_124' title='bbox 53 2049 215 2127; x_wconf 82' lang='lat' dir='ltr'><strong>compulit.</strong></span> <span class='ocrx_word' id='word_1_125' title='bbox 267 2050 399 2129; x_wconf 85' lang='lat' dir='ltr'><strong>Lepidus</strong></span> <span class='ocrx_word' id='word_1_126' title='bbox 433 2050 552 2115; x_wconf 89' lang='lat' dir='ltr'><strong>tandem</strong></span> <span class='ocrx_word' id='word_1_127' title='bbox 586 2050 781 2131; x_wconf 82' lang='lat' dir='ltr'><strong>intelligens,</strong></span> <span class='ocrx_word' id='word_1_128' title='bbox 814 2068 877 2134; x_wconf 84' lang='lat' dir='ltr'><strong>qno</strong></span> <span class='ocrx_word' id='word_1_129' title='bbox 909 2051 1026 2115; x_wconf 87' lang='lat' dir='ltr'><strong>vanitas</strong></span> <span class='ocrx_word' id='word_1_130' title='bbox 1059 2066 1116 2110; x_wconf 90' lang='lat' dir='ltr'><strong>sua</strong></span> 
     </span>
     <span class='ocr_line' id='line_1_19' title="bbox 53 2148 1115 2230; baseline 0.002 -23"><span class='ocrx_word' id='word_1_131' title='bbox 53 2148 220 2226; x_wconf 85' lang='lat' dir='ltr'><strong>tenderet,</strong></span> <span class='ocrx_word' id='word_1_132' title='bbox 254 2150 392 2229; x_wconf 90' lang='lat' dir='ltr'><strong>deposito</strong></span> <span class='ocrx_word' id='word_1_133' title='bbox 423 2149 654 2229; x_wconf 87' lang='lat' dir='ltr'><strong>paludamento,</strong></span> <span class='ocrx_word' id='word_1_134' title='bbox 682 2158 877 2230; x_wconf 86' lang='lat' dir='ltr'><strong>assumtaque</strong></span> <span class='ocrx_word' id='word_1_135' title='bbox 905 2159 992 2212; x_wconf 85' lang='lat' dir='ltr'><strong>vesto</strong></span> <span class='ocrx_word' id='word_1_136' title='bbox 1020 2149 1115 2228; x_wconf 88' lang='lat' dir='ltr'><strong>pulla,</strong></span> 
     </span>
     <span class='ocr_line' id='line_1_20' title="bbox 52 2242 1114 2327; baseline -0.003 -18"><span class='ocrx_word' id='word_1_137' title='bbox 52 2247 191 2327; x_wconf 86' lang='lat' dir='ltr'><strong>supplex</strong></span> <span class='ocrx_word' id='word_1_138' title='bbox 221 2248 343 2311; x_wconf 88' lang='lat' dir='ltr'><strong>Caesari</strong></span> <span class='ocrx_word' id='word_1_139' title='bbox 375 2246 473 2318; x_wconf 87' lang='lat' dir='ltr'><strong>factus</strong></span> <span class='ocrx_word' id='word_1_140' title='bbox 505 2251 599 2311; x_wconf 88' lang='lat' dir='ltr'><strong>vitam</strong></span> <span class='ocrx_word' id='word_1_141' title='bbox 633 2257 665 2310; x_wconf 92' lang='lat' dir='ltr'><strong>et</strong></span> <span class='ocrx_word' id='word_1_142' title='bbox 696 2249 778 2310; x_wconf 91' lang='lat' dir='ltr'><strong>bona</strong></span> <span class='ocrx_word' id='word_1_143' title='bbox 810 2250 993 2326; x_wconf 82' lang='lat' dir='ltr'><strong>impetravit,</strong></span> <span class='ocrx_word' id='word_1_144' title='bbox 1027 2242 1114 2326; x_wconf 82' lang='lat'>[435]</span> 
     </span>
     <span class='ocr_line' id='line_1_21' title="bbox 53 2347 1114 2428; baseline -0.002 -19"><span class='ocrx_word' id='word_1_145' title='bbox 53 2355 210 2427; x_wconf 87' lang='lat' dir='ltr'><strong>perpetuo</strong></span> <span class='ocrx_word' id='word_1_146' title='bbox 234 2348 357 2428; x_wconf 86' lang='lat' dir='ltr'><strong>quidem</strong></span> <span class='ocrx_word' id='word_1_147' title='bbox 381 2348 560 2409; x_wconf 88' lang='lat' dir='ltr'><strong>emendatus</strong></span> <span class='ocrx_word' id='word_1_148' title='bbox 582 2348 701 2410; x_wconf 88' lang='lat' dir='ltr'><strong>exsilio.</strong></span> <span class='ocrx_word' id='word_1_149' title='bbox 731 2348 848 2409; x_wconf 64' lang='lat' dir='ltr'><strong>Tauris</strong></span> <span class='ocrx_word' id='word_1_150' title='bbox 864 2347 1003 2408; x_wconf 83' lang='lat' dir='ltr'><strong>Caesaris</strong></span> <span class='ocrx_word' id='word_1_151' title='bbox 1018 2364 1114 2427; x_wconf 90' lang='lat' dir='ltr'><strong>prae-</strong></span> 
     </span>
     <span class='ocr_line' id='line_1_22' title="bbox 53 2444 1114 2525; baseline 0.001 -20"><span class='ocrx_word' id='word_1_152' title='bbox 53 2444 162 2509; x_wconf 83' lang='lat' dir='ltr'><strong>lectus</strong></span> <span class='ocrx_word' id='word_1_153' title='bbox 197 2455 289 2511; x_wconf 90' lang='lat' dir='ltr'><strong>totam</strong></span> <span class='ocrx_word' id='word_1_154' title='bbox 322 2464 420 2525; x_wconf 89' lang='lat' dir='ltr'><strong>paene</strong></span> <span class='ocrx_word' id='word_1_155' title='bbox 457 2446 591 2509; x_wconf 87' lang='lat' dir='ltr'><strong>Siciliam</strong></span> <span class='ocrx_word' id='word_1_156' title='bbox 618 2444 701 2507; x_wconf 83' lang='lat' dir='ltr'><strong>ferro</strong></span> <span class='ocrx_word' id='word_1_157' title='bbox 730 2453 930 2523; x_wconf 87' lang='lat' dir='ltr'><strong>pertentatam</strong></span> <span class='ocrx_word' id='word_1_158' title='bbox 957 2446 1114 2506; x_wconf 81' lang='lat' dir='ltr'><strong>conterri-</strong></span> 
     </span>
     <span class='ocr_line' id='line_1_23' title="bbox 54 2544 1115 2625; baseline -0.001 -20"><span class='ocrx_word' id='word_1_159' title='bbox 54 2553 187 2625; x_wconf 80' lang='lat' dir='ltr'><strong>tamque</strong></span> <span class='ocrx_word' id='word_1_160' title='bbox 220 2548 251 2608; x_wconf 92' lang='lat' dir='ltr'><strong>in</strong></span> <span class='ocrx_word' id='word_1_161' title='bbox 285 2545 374 2605; x_wconf 82' lang='lat' dir='ltr'><strong>iidem</strong></span> <span class='ocrx_word' id='word_1_162' title='bbox 407 2545 531 2622; x_wconf 86' lang='lat' dir='ltr'><strong>recepit.</strong></span> <span class='ocrx_word' id='word_1_163' title='bbox 577 2544 784 2623; x_wconf 80' lang='lat' dir='ltr'><strong>Quadraginta</strong></span> <span class='ocrx_word' id='word_1_164' title='bbox 817 2551 948 2623; x_wconf 85' lang='lat' dir='ltr'><strong>quatuor</strong></span> <span class='ocrx_word' id='word_1_165' title='bbox 975 2544 1115 2624; x_wconf 83' lang='lat' dir='ltr'><strong>legiones</strong></span> 
     </span>
     <span class='ocr_line' id='line_1_24' title="bbox 54 2642 1115 2720; baseline -0.002 -13"><span class='ocrx_word' id='word_1_166' title='bbox 54 2646 117 2707; x_wconf 92' lang='lat' dir='ltr'><strong>sub</strong></span> <span class='ocrx_word' id='word_1_167' title='bbox 143 2646 236 2707; x_wconf 91' lang='lat' dir='ltr'><strong>nnius</strong></span> <span class='ocrx_word' id='word_1_168' title='bbox 259 2650 332 2705; x_wconf 92' lang='lat' dir='ltr'><strong>tunc</strong></span> <span class='ocrx_word' id='word_1_169' title='bbox 354 2643 481 2720; x_wconf 81' lang='lat' dir='ltr'><strong>imperIo</strong></span> <span class='ocrx_word' id='word_1_170' title='bbox 498 2642 635 2705; x_wconf 83' lang='lat' dir='ltr'><strong>Caesaris</strong></span> <span class='ocrx_word' id='word_1_171' title='bbox 658 2650 761 2719; x_wconf 89' lang='lat' dir='ltr'><strong>erant;</strong></span> <span class='ocrx_word' id='word_1_172' title='bbox 786 2644 897 2706; x_wconf 89' lang='lat' dir='ltr'><strong>milites</strong></span> <span class='ocrx_word' id='word_1_173' title='bbox 921 2643 1115 2707; x_wconf 87' lang='lat' dir='ltr'><strong>multitudine</strong></span> 
     </span>
     <span class='ocr_line' id='line_1_25' title="bbox 57 2742 1113 2825; baseline 0.001 -21"><span class='ocrx_word' id='word_1_174' title='bbox 57 2744 233 2807; x_wconf 84' lang='lat' dir='ltr'><strong>ferociores</strong></span> <span class='ocrx_word' id='word_1_175' title='bbox 260 2742 406 2822; x_wconf 86' lang='lat' dir='ltr'><strong>quosdam</strong></span> <span class='ocrx_word' id='word_1_176' title='bbox 429 2759 483 2821; x_wconf 89' lang='lat' dir='ltr'><strong>pro</strong></span> <span class='ocrx_word' id='word_1_177' title='bbox 505 2742 693 2821; x_wconf 89' lang='lat' dir='ltr'><strong>accipiendis</strong></span> <span class='ocrx_word' id='word_1_178' title='bbox 715 2746 796 2825; x_wconf 85' lang='lat' dir='ltr'><strong>agris</strong></span> <span class='ocrx_word' id='word_1_179' title='bbox 819 2745 965 2806; x_wconf 88' lang='lat' dir='ltr'><strong>turnultus</strong></span> <span class='ocrx_word' id='word_1_180' title='bbox 991 2746 1113 2805; x_wconf 87' lang='lat' dir='ltr'><strong>excita-</strong></span> 
     </span>
     <span class='ocr_line' id='line_1_26' title="bbox 57 2842 1114 2925; baseline 0 -20"><span class='ocrx_word' id='word_1_181' title='bbox 57 2851 183 2907; x_wconf 88' lang='lat' dir='ltr'><strong>verunt.</strong></span> <span class='ocrx_word' id='word_1_182' title='bbox 229 2843 290 2907; x_wconf 89' lang='lat' dir='ltr'><strong>Sed</strong></span> <span class='ocrx_word' id='word_1_183' title='bbox 319 2842 431 2905; x_wconf 83' lang='lat' dir='ltr'><strong>Caesar</strong></span> <span class='ocrx_word' id='word_1_184' title='bbox 456 2842 558 2904; x_wconf 89' lang='lat' dir='ltr'><strong>animo</strong></span> <span class='ocrx_word' id='word_1_185' title='bbox 585 2844 696 2925; x_wconf 85' lang='lat' dir='ltr'><strong>ingens</strong></span> <span class='ocrx_word' id='word_1_186' title='bbox 723 2845 833 2925; x_wconf 82' lang='lat' dir='ltr'><strong>viginti</strong></span> <span class='ocrx_word' id='word_1_187' title='bbox 864 2844 957 2905; x_wconf 88' lang='lat' dir='ltr'><strong>millia</strong></span> <span class='ocrx_word' id='word_1_188' title='bbox 986 2845 1114 2907; x_wconf 87' lang='lat' dir='ltr'><strong>militum</strong></span> 
     </span>
     <span class='ocr_line' id='line_1_27' title="bbox 61 2943 1114 3023; baseline 0 -18"><span class='ocrx_word' id='word_1_189' title='bbox 61 2946 283 3021; x_wconf 79' lang='lat' dir='ltr'><strong>exauctoravit,</strong></span> <span class='ocrx_word' id='word_1_190' title='bbox 306 2944 430 3023; x_wconf 83' lang='lat' dir='ltr'><strong>triginta</strong></span> <span class='ocrx_word' id='word_1_191' title='bbox 453 2943 546 3005; x_wconf 91' lang='lat' dir='ltr'><strong>millia</strong></span> <span class='ocrx_word' id='word_1_192' title='bbox 568 2960 729 3006; x_wconf 88' lang='lat' dir='ltr'><strong>servorum</strong></span> <span class='ocrx_word' id='word_1_193' title='bbox 752 2944 882 3006; x_wconf 89' lang='lat' dir='ltr'><strong>dominis</strong></span> <span class='ocrx_word' id='word_1_194' title='bbox 898 2946 1041 3022; x_wconf 87' lang='lat' dir='ltr'><strong>restituit,</strong></span> <span class='ocrx_word' id='word_1_195' title='bbox 1057 2963 1114 3007; x_wconf 89' lang='lat' dir='ltr'><strong>sex</strong></span> 
     </span>
     <span class='ocr_line' id='line_1_28' title="bbox 61 3043 1114 3127; baseline 0.004 -24"><span class='ocrx_word' id='word_1_196' title='bbox 61 3043 168 3119; x_wconf 84' lang='lat' dir='ltr'><strong>millia,</strong></span> <span class='ocrx_word' id='word_1_197' title='bbox 184 3062 313 3123; x_wconf 87' lang='lat' dir='ltr'><strong>quorum</strong></span> <span class='ocrx_word' id='word_1_198' title='bbox 329 3044 521 3105; x_wconf 89' lang='lat' dir='ltr'><strong>domininon</strong></span> <span class='ocrx_word' id='word_1_199' title='bbox 537 3043 707 3121; x_wconf 83' lang='lat' dir='ltr'><strong>exstabant,</strong></span> <span class='ocrx_word' id='word_1_200' title='bbox 723 3045 756 3105; x_wconf 91' lang='lat' dir='ltr'><strong>in</strong></span> <span class='ocrx_word' id='word_1_201' title='bbox 771 3063 893 3108; x_wconf 89' lang='lat' dir='ltr'><strong>oruoern</strong></span> <span class='ocrx_word' id='word_1_202' title='bbox 910 3048 982 3127; x_wconf 83' lang='lat' dir='ltr'><strong>egit</strong></span> <span class='ocrx_word' id='word_1_203' title='bbox 1011 3046 1114 3110; x_wconf 81' lang='lat' dir='ltr'><strong>Oreos</strong></span> 
     </span>
     <span class='ocr_line' id='line_1_29' title="bbox 63 3132 1114 3224; baseline 0.002 -21"><span class='ocrx_word' id='word_1_204' title='bbox 63 3142 176 3205; x_wconf 86' lang='lat' dir='ltr'><strong>Urbem</strong></span> <span class='ocrx_word' id='word_1_205' title='bbox 210 3146 383 3224; x_wconf 82' lang='lat' dir='ltr'><strong>ingressus,</strong></span> <span class='ocrx_word' id='word_1_206' title='bbox 414 3149 448 3203; x_wconf 92' lang='lat' dir='ltr'><strong>nt</strong></span> <span class='ocrx_word' id='word_1_207' title='bbox 480 3143 512 3203; x_wconf 93' lang='lat' dir='ltr'><strong>in</strong></span> <span class='ocrx_word' id='word_1_208' title='bbox 541 3148 722 3220; x_wconf 86' lang='lat' dir='ltr'><strong>perpetuum</strong></span> <span class='ocrx_word' id='word_1_209' title='bbox 750 3144 927 3205; x_wconf 86' lang='lat' dir='ltr'><strong>tribunitiae</strong></span> <span class='ocrx_word' id='word_1_210' title='bbox 957 3132 1114 3222; x_wconf 87' lang='lat' dir='ltr'><strong>potestatis</strong></span> 
     </span>
     <span class='ocr_line' id='line_1_30' title="bbox 64 3240 1115 3318; baseline 0.001 -15"><span class='ocrx_word' id='word_1_211' title='bbox 64 3249 165 3318; x_wconf 91' lang='lat' dir='ltr'><strong>esset,</strong></span> <span class='ocrx_word' id='word_1_212' title='bbox 192 3262 209 3305; x_wconf 91' lang='lat' dir='ltr'><strong>a</strong></span> <span class='ocrx_word' id='word_1_213' title='bbox 236 3250 345 3307; x_wconf 91' lang='lat' dir='ltr'><strong>senatu</strong></span> <span class='ocrx_word' id='word_1_214' title='bbox 373 3243 529 3305; x_wconf 88' lang='lat' dir='ltr'><strong>decretum</strong></span> <span class='ocrx_word' id='word_1_215' title='bbox 559 3247 614 3303; x_wconf 87' lang='lat' dir='ltr'><strong>est.</strong></span> <span class='ocrx_word' id='word_1_216' title='bbox 658 3240 713 3301; x_wconf 87' lang='lat' dir='ltr'><strong>His</strong></span> <span class='ocrx_word' id='word_1_217' title='bbox 740 3242 849 3303; x_wconf 89' lang='lat' dir='ltr'><strong>diebus</strong></span> <span class='ocrx_word' id='word_1_218' title='bbox 876 3249 959 3304; x_wconf 83' lang='lat' dir='ltr'><strong>trans</strong></span> <span class='ocrx_word' id='word_1_219' title='bbox 981 3243 1115 3304; x_wconf 86' lang='lat' dir='ltr'><strong>Tiberim</strong></span> 
     </span>
     <span class='ocr_line' id='line_1_31' title="bbox 66 3340 1114 3421; baseline 0.003 -20"><span class='ocrx_word' id='word_1_220' title='bbox 66 3341 225 3406; x_wconf 86' lang='lat' dir='ltr'><strong>etaberna</strong></span> <span class='ocrx_word' id='word_1_221' title='bbox 242 3342 396 3405; x_wconf 85' lang='lat' dir='ltr'><strong>meritoria</strong></span> <span class='ocrx_word' id='word_1_222' title='bbox 412 3340 480 3403; x_wconf 87' lang='lat' dir='ltr'><strong>loos</strong></span> <span class='ocrx_word' id='word_1_223' title='bbox 496 3340 558 3403; x_wconf 90' lang='lat' dir='ltr'><strong>olei</strong></span> <span class='ocrx_word' id='word_1_224' title='bbox 579 3347 660 3401; x_wconf 88' lang='lat' dir='ltr'><strong>terra</strong></span> <span class='ocrx_word' id='word_1_225' title='bbox 683 3340 861 3418; x_wconf 82' lang='lat' dir='ltr'><strong>exundavit,</strong></span> <span class='ocrx_word' id='word_1_226' title='bbox 884 3360 920 3403; x_wconf 86' lang='lat' dir='ltr'><strong>ao</strong></span> <span class='ocrx_word' id='word_1_227' title='bbox 941 3360 997 3421; x_wconf 87' lang='lat' dir='ltr'><strong>per</strong></span> <span class='ocrx_word' id='word_1_228' title='bbox 1019 3349 1114 3404; x_wconf 91' lang='lat' dir='ltr'><strong>toturn</strong></span> 
     </span>
     <span class='ocr_line' id='line_1_32' title="bbox 68 3439 548 3523; baseline 0.006 -22"><span class='ocrx_word' id='word_1_229' title='bbox 68 3440 147 3503; x_wconf 89' lang='lat' dir='ltr'><strong>diem</strong></span> <span class='ocrx_word' id='word_1_230' title='bbox 169 3442 339 3523; x_wconf 80' lang='lat' dir='ltr'><strong>largissimo</strong></span> <span class='ocrx_word' id='word_1_231' title='bbox 361 3441 428 3503; x_wconf 91' lang='lat' dir='ltr'><strong>rivo</strong></span> <span class='ocrx_word' id='word_1_232' title='bbox 451 3439 548 3504; x_wconf 88' lang='lat' dir='ltr'><strong>lluxit.</strong></span> 
     </span>
    </p>
   </div>
   <div class='ocr_carea' id='block_1_4' title="bbox 399 3573 1114 3710">
    <p class='ocr_par' dir='ltr' id='par_1_4' title="bbox 399 3573 1114 3710">
     <span class='ocr_line' id='line_1_33' title="bbox 399 3573 1114 3710; baseline -0.008 -30"><span class='ocrx_word' id='word_1_233' title='bbox 399 3573 596 3710; x_wconf 80' lang='lat' dir='ltr'><strong>thttl</strong></span> <span class='ocrx_word' id='word_1_234' title='bbox 644 3574 771 3683; x_wconf 83' lang='lat' dir='ltr'>XIX.</span> <span class='ocrx_word' id='word_1_235' title='bbox 919 3601 923 3609; x_wconf 83' lang='grc'><em>’</em></span> <span class='ocrx_word' id='word_1_236' title='bbox 1028 3610 1114 3695; x_wconf 77' lang='lat' dir='ltr'><strong>[rao]</strong></span> 
     </span>
    </p>
   </div>
   <div class='ocr_carea' id='block_1_5' title="bbox 151 3741 1031 3827">
    <p class='ocr_par' dir='ltr' id='par_1_5' title="bbox 151 3741 1031 3827">
     <span class='ocr_line' id='line_1_34' title="bbox 151 3741 1031 3827; baseline 0 -20"><span class='ocrx_word' id='word_1_237' title='bbox 151 3742 207 3808; x_wconf 86' lang='lat' dir='ltr'><strong>Dc</strong></span> <span class='ocrx_word' id='word_1_238' title='bbox 231 3741 336 3809; x_wconf 75' lang='lat' dir='ltr'><strong>rebus</strong></span> <span class='ocrx_word' id='word_1_239' title='bbox 357 3741 400 3809; x_wconf 84' lang='lat' dir='ltr'><strong>ab</strong></span> <span class='ocrx_word' id='word_1_240' title='bbox 421 3741 570 3809; x_wconf 83' lang='lat' dir='ltr'><strong>Antonio</strong></span> <span class='ocrx_word' id='word_1_241' title='bbox 589 3746 700 3827; x_wconf 75' lang='lat' dir='ltr'><strong>pestis</strong></span> <span class='ocrx_word' id='word_1_242' title='bbox 721 3750 755 3810; x_wconf 87' lang='lat' dir='ltr'><strong>et</strong></span> <span class='ocrx_word' id='word_1_243' title='bbox 775 3744 864 3812; x_wconf 77' lang='lat' dir='ltr'><strong>beilo&#39;</strong></span> <span class='ocrx_word' id='word_1_244' title='bbox 878 3743 1031 3812; x_wconf 69' lang='lat' dir='ltr'><strong>Actiaco.</strong></span> 
     </span>
    </p>
   </div>
   <div class='ocr_carea' id='block_1_6' title="bbox 72 3862 1116 4044">
    <p class='ocr_par' dir='ltr' id='par_1_6' title="bbox 72 3862 1116 4044">
     <span class='ocr_line' id='line_1_35' title="bbox 150 3862 1116 3941; baseline 0.002 -18"><span class='ocrx_word' id='word_1_245' title='bbox 150 3863 303 3924; x_wconf 88' lang='lat' dir='ltr'><strong>Antonius</strong></span> <span class='ocrx_word' id='word_1_246' title='bbox 331 3878 417 3938; x_wconf 90' lang='lat' dir='ltr'><strong>vero,</strong></span> <span class='ocrx_word' id='word_1_247' title='bbox 440 3868 598 3941; x_wconf 87' lang='lat' dir='ltr'><strong>postquam</strong></span> <span class='ocrx_word' id='word_1_248' title='bbox 621 3863 754 3924; x_wconf 81' lang='lat' dir='ltr'><strong>Araxen</strong></span> <span class='ocrx_word' id='word_1_249' title='bbox 778 3862 952 3938; x_wconf 89' lang='lat' dir='ltr'><strong>transmisit,</strong></span> <span class='ocrx_word' id='word_1_250' title='bbox 975 3862 1116 3926; x_wconf 92' lang='lat' dir='ltr'><strong>omnibus</strong></span> 
     </span>
     <span class='ocr_line' id='line_1_36' title="bbox 72 3959 1116 4044; baseline 0.003 -21"><span class='ocrx_word' id='word_1_251' title='bbox 72 3963 205 4044; x_wconf 90' lang='lat' dir='ltr'><strong>undique</strong></span> <span class='ocrx_word' id='word_1_252' title='bbox 234 3962 319 4024; x_wconf 89' lang='lat' dir='ltr'><strong>malis</strong></span> <span class='ocrx_word' id='word_1_253' title='bbox 348 3963 574 4023; x_wconf 85' lang='lat' dir='ltr'><strong>circumventus</strong></span> <span class='ocrx_word' id='word_1_254' title='bbox 606 3962 658 4023; x_wconf 86' lang='lat' dir='ltr'><strong>vix</strong></span> <span class='ocrx_word' id='word_1_255' title='bbox 687 3961 809 4023; x_wconf 74' lang='lat' dir='ltr'><strong>undem</strong></span> <span class='ocrx_word' id='word_1_256' title='bbox 830 3959 1023 4023; x_wconf 83' lang='lat' dir='ltr'><strong>Antiochiam</strong></span> <span class='ocrx_word' id='word_1_257' title='bbox 1047 3981 1116 4026; x_wconf 88' lang='lat' dir='ltr'><strong>cum</strong></span> 
     </span>
    </p>
   </div>
   <div class='ocr_carea' id='block_1_7' title="bbox 0 0 1324 4434">
    <p class='ocr_par' dir='ltr' id='par_1_7' title="bbox 0 0 1324 4434">
     <span class='ocr_line' id='line_1_37' title="bbox 0 0 1324 4434; baseline 0 0"><span class='ocrx_word' id='word_1_258' title='bbox 0 0 1324 4434; x_wconf 95' lang='lat' dir='ltr'><strong> </strong></span> 
     </span>
    </p>
   </div>
  </div>
 </body>
</html>
