2634 4434
549 329 597 400 37

60 558 264 640 Athenienses,
291 569 373 624 tanta
395 563 547 624 bellorum
570 570 750 644 tempestate
772 565 913 645 permoti,
934 567 1010 631 duos
1033 566 1098 656 [st]

59 661 144 724 duces
171 663 369 744 delegerunt:
403 663 551 726 Periclem
580 671 736 745 spectatae
764 666 887 726 virtutis
919 666 1035 747 virum,
1068 679 1101 734 et

60 761 231 841 Sophoclem
257 764 435 842 scriptorem
463 765 704 846 tragoediarum:
739 767 793 846 qni
823 765 922 827 diviso
950 771 1101 849 exercitu,

58 869 86 922 et
107 862 317 942 Spartanorum
340 862 417 925 fines
445 864 505 926 late
532 865 668 945 populati
696 872 782 944 sunt,
810 874 842 928 et
869 865 979 928 multas
1007 867 1102 933 Asiae

58 961 188 1026 civitates
221 963 457 1026 Atheniensium
489 965 619 1045 imperio
651 967 838 1047 adjecerunt
896 965 974 1028 llinc
1010 985 1102 1048 porro

56 1079 105 1139 per
130 1079 226 1125 annos
250 1065 472 1145 quinquaginta
495 1066 611 1128 incerta
633 1082 755 1144 semper
776 1066 905 1128 victoria
925 1073 1006 1129 terra
1029 1087 1101 1133 ma-

55 1162 137 1243 rique
158 1171 326 1246 pugnatum
350 1171 413 1242 est,
436 1165 536 1227 donec
558 1165 713 1245 Spartani,
741 1171 772 1226 et
799 1163 909 1244 opibus
935 1167 1103 1231 imminutis

55 1269 81 1324 et
100 1264 160 1327 fide
183 1265 357 1346 profligata,
384 1265 477 1328 sociis
505 1282 630 1345 quoque
657 1265 770 1345 probro
797 1263 896 1327 luere.
942 1264 1003 1328 Sed
1024 1266 1103 1332 hacc

55 1379 102 1440 per
124 1372 170 1427 tot
192 1372 324 1427 actatum
346 1365 502 1428 volumina
524 1365 703 1427 incubuisse
731 1363 878 1426 Graeciae
905 1367 991 1444 parvi
1017 1386 1101 1449 pen-

54 1463 138 1529 ditur.
168 1465 257 1526 Nunc
279 1458 379 1528 autem
402 1466 591 1545 interpellari
605 1466 764 1530 interdum
786 1465 969 1545 voluptates,
992 1475 1024 1530 et
1045 1470 1100 1531 iu·

53 1565 148 1641 pediri
172 1581 334 1642 parumper
354 1564 498 1626 libidines
520 1582 582 1625 non
605 1567 782 1649 sustinetur.
808 1566 997 1644 Quamquam
1019 1569 1103 1631 inter

52 1663 130 1725 illius
155 1663 303 1742 temporis
325 1661 465 1724 homines
487 1670 579 1741 atquo
601 1664 691 1724 istius
712 1664 771 1724 boc
792 1665 932 1742 interest,
954 1667 1037 1744 quod
1058 1667 1104 1729 illi
1198 1653 1202 1659 ’

53 1780 148 1843 aequo
173 1764 277 1828 animo
298 1762 376 1826 baec
398 1761 589 1824 intoleranda
611 1761 797 1838 tolerabant,
824 1763 896 1841 quia
917 1763 949 1824 in
971 1763 1019 1827 liis
1041 1768 1105 1828 nati

54 1871 81 1924 et
101 1863 211 1928 nutriti
227 1870 325 1941 erant,
349 1869 381 1924 et
402 1861 529 1924 meliora
551 1879 613 1926 non
637 1869 803 1924 noverant:
826 1863 879 1926 isti
900 1870 1003 1927 autem
1025 1883 1103 1946 per-

54 1971 142 2042 petuo
166 1966 198 2025 in
222 1965 285 2025 vita
306 1980 362 2024 sua
384 1962 637 2043 tranquillitatum
660 1970 693 2024 et
713 1963 892 2026 deliciarum
914 1980 1027 2026 sereno
1048 1982 1104 2028 as·
1187 1991 1190 1995 ²
1263 1943 1269 1953 ³

55 2063 192 2141 suelacti,
216 2063 253 2125 ad
276 2080 367 2126 omne
386 2063 439 2124 vel
462 2063 614 2126 modicum
637 2063 789 2126 obductae
811 2063 1016 2125 solicitudinis
1038 2083 1103 2127 nu·

54 2162 145 2225 bilum
169 2171 409 2226 commoventur.
437 2163 540 2243 Atque
562 2166 678 2227 utinam
701 2166 799 2245 ipsum
823 2162 1016 2243 depulsorem
1039 2163 1103 2226 bu-

50 2265 98 2342 jus
119 2263 172 2326 vel
200 2264 338 2326 modicae
365 2265 588 2344 inquietudinis
616 2273 832 2345 precarentur,
860 2262 949 2341 cujus
976 2281 1106 2328 munere

54 2362 128 2427 bano
151 2367 323 2446 ignoratam
347 2362 415 2425 aliis
437 2365 626 2443 temporibus
643 2365 807 2444 jugitatem
823 2364 906 2441 pacis
922 2362 1105 2426 babuerunt.

54 2463 90 2525 Et
110 2465 256 2546 quoniam
279 2463 478 2544 spopondisse
500 2465 637 2538 memini,
660 2481 730 2523 cum
751 2461 850 2521 veluti
868 2455 1008 2520 'articulis
1030 2463 1106 2538 qui-

56 2564 179 2628 busdam
208 2550 332 2626 dicendi
359 2563 498 2625 ordinem
526 2561 704 2638 delinirem,
732 2561 884 2622 dicturum
906 2574 956 2618 me
978 2575 1048 2621 esse
1069 2558 1108 2621 ab

57 2664 135 2728 Orbe
163 2665 288 2728 condito
316 2681 416 2744 usque
444 2663 482 2726 ad
509 2661 621 2724 Urbem
649 2659 819 2737 conditam,
847 2657 920 2720 bulo
947 2658 1108 2738 volumini,

57 2767 134 2845 quod
158 2765 197 2828 ab
214 2765 296 2828 Orbe
319 2764 443 2826 condito
466 2763 680 2842 explicuimus,
701 2761 772 2822 finis
786 2759 837 2822 bie
851 2760 901 2836 sit,
925 2766 959 2820 ut
973 2759 1011 2820 ab
1027 2760 1109 2820 Urbe

57 2869 176 2930 condita
206 2882 341 2945 sequens
367 2863 489 2926 libellus
514 2863 656 2942 incipiat,
688 2862 742 2943 qui
769 2860 960 2922 contextiora
988 2858 1110 2921 illorum

57 2972 225 3048 temporum
250 2965 337 3042 mala,
361 2963 628 3026 exercitatioribus
650 2963 764 3043 quippe
779 2961 817 3024 ad
833 2961 1001 3042 nequitiam
1016 2965 1111 3040 atque

58 3066 276 3132 eruditioribus
298 3064 488 3142 bominibus,
510 3062 689 3126 continebit.
