2634 4434
700 249 749 320 96

191 493 353 570 ·dcdisset,
381 489 548 556 concubitu
573 505 705 569 regnum
727 485 867 551 redemit
910 483 1072 565 Peragrata
1094 483 1249 563 perdomi-
1316 488 1317 493 ’

158 594 163 598 ’
199 600 295 675 taque
321 593 499 657 Alexander
524 586 625 667 lndia,
660 607 729 650 oum
758 588 796 650 ad
823 603 929 650 saxum
961 586 1056 646 rnirae
1084 585 1250 664 asperitatis

194 701 233 758 et
253 694 439 768 altitudinis,
470 691 501 751 in
529 689 611 768 quod
639 687 727 750 multi
755 687 860 768 populi
888 683 1112 766 confugerant,
1138 702 1249 765 perve-

197 795 314 871 nisset,
344 791 503 873 cognoscit
526 789 693 852 Herculem
715 788 753 850 ab
777 790 1006 868 expugnatione
1029 786 1167 866 ejusdem
1189 785 1252 846 saxi

194 902 305 958 'terrae
319 898 403 953 motu
422 889 625 971 prohibitum:
649 889 856 952 aemulatione
877 893 1045 968 permotus,
1068 891 1102 947 nt
1116 885 1252 948 Herculis
1312 967 1315 983 1

196 1001 270 1060 acta
289 997 461 1071 superaret,
484 1008 553 1054 enm
576 1007 696 1053 summo
718 989 823 1052 labore
839 1007 875 1050 ac
891 986 1026 1068 periculo
1042 1002 1116 1048 sexo
1132 989 1253 1066 potitus,

196 1109 310 1155 omncs
332 1091 393 1152 loci
415 1092 483 1172 ejus
502 1097 615 1172 gentes
637 1093 670 1154 in
692 1090 879 1152 deditionem
908 1089 1041 1167 aceepit:
1069 1104 1141 1148 curn
1170 1088 1252 1164 Poro,

197 1192 370 1256 doctissimo
391 1189 535 1254 ludorum
557 1209 650 1272 rege,
673 1190 919 1255 cruentissimum
943 1187 1056 1250 bellum
1080 1189 1192 1269 gessit:
1225 1189 1254 1248 in

197 1288 292 1374 1190]
313 1303 376 1370 qno
395 1289 573 1354 Alexander
591 1309 661 1352 cnm
677 1292 742 1370 ipso
757 1289 835 1350 Poro
849 1288 1048 1370 singulariter
1062 1303 1255 1370 congressus,

195 1394 370 1472 'occisoque
392 1391 531 1471 depectus
554 1409 653 1472 equo,
682 1405 835 1452 concursu
862 1389 1026 1452 satellitum
1055 1391 1255 1470 praesentiam

204 1493 311 1554 mortis
332 1491 438 1554 evasit,
469 1491 565 1555 Porus
582 1491 691 1555 :maltis
712 1490 894 1556 vulneribus
916 1488 1077 1554 confossus
1100 1497 1132 1552 et
1153 1496 1256 1570 eaptus

198 1599 268 1654 est:
292 1607 355 1672 quo
376 1591 416 1654 ob
438 1593 648 1658 &timonium
672 1593 793 1656 virtutis
811 1593 847 1654 ,in
861 1608 991 1673 regnum
1007 1591 1160 1669 restituto,
1184 1591 1257 1654 duas

199 1693 248 1758 ibi
275 1692 412 1755 condidit
438 1693 594 1770 civitates,
621 1692 765 1756 Nicaeam
795 1699 826 1754 et
854 1691 1072 1772 Bucephalam,
1102 1710 1194 1772 quana
1222 1691 1257 1754 de

199 1794 331 1856 -uemine
353 1793 426 1872 equi
448 1794 498 1854 sui
520 1793 562 1854 ita
583 1795 688 1856 vocari
711 1795 874 1874 praecepit.
919 1792 994 1856 lnde
1016 1791 1172 1868 Adrestae,
1197 1792 1257 1852 Ga-

199 1893 329 1971 -tbae0s‚
352 1892 510 1954 Praesides
532 1901 563 1954 et
582 1893 784 1976 Gangaridae,
812 1894 909 1958 eaesis
932 1909 1038 1956 eorum
1062 1893 1259 1963 exercitibus,
1310 1950 1311 1953 ,

205 1991 392 2056 llecednnes
407 2011 634 2075 expugnavere.
666 1995 805 2077 Cumque
820 1996 857 2058 ad
873 1995 1013 2057 Cbobdes
1025 2001 1152 2056 ventum
1168 1999 1260 2068 esset,

201 2091 252 2156 ‚ibi
274 2101 380 2156 contra
409 2093 542 2158 ducenta
569 2096 664 2159 millia
691 2098 830 2178 equitum
858 2096 989 2160 bostium
1016 2113 1150 2176 pugnam
1180 2111 1260 2156 eon-

200 2201 381 2259 ·seruerunt.
424 2194 464 2256 Et
482 2213 554 2258 cnm
571 2198 635 2278 jam
657 2205 759 2262 aetate
781 2197 901 2273 detriti,
922 2197 1024 2258 animo
1047 2196 1150 2275 aegri,
1179 2193 1260 2256 viri-

202 2293 267 2355 bus
295 2292 383 2373 lassi,
411 2294 536 2360 difficile
564 2299 727 2373 vicissent,
761 2301 875 2370 castra,
909 2294 949 2356 ob
983 2296 1159 2356 memoriam
1194 2295 1261 2374 plus

204 2392 300 2458 solito
321 2397 481 2478 magnilica
508 2399 720 2461 condiderunt.
761 2393 842 2456 Exin
869 2393 1046 2458 Alexander
1073 2394 1112 2458 ad
1140 2411 1261 2458 amnem

207 2493 374 2559 Acesinem
403 2501 512 2580 pergit.
555 2501 614 2560 Per
639 2496 723 2557 bunc
755 2496 787 2558 in
815 2494 972 2556 Oceanum
1006 2493 1186 2572 devehitur,
1222 2495 1261 2558 ibi

209 2591 362 2657 Gessonas
379 2598 546 2679 Sibosque,
563 2612 640 2677 quos
653 2594 804 2658 Hercules
820 2595 974 2672 condidit,
990 2595 1148 2674 oppressit.
1185 2595 1262 2658 llinc

211 2688 297 2777 [tet]
317 2695 357 2760 ad
383 2697 490 2762 Malles
518 2704 550 2759 et
577 2694 753 2775 oxydracas
780 2695 917 2776 navigat:
944 2714 1025 2776 quae
1053 2703 1164 2778 gentes
1192 2713 1261 2758 enm

204 2799 332 2860 armatis
366 2799 520 2878 octoginta
553 2794 688 2859 millibus
717 2795 853 2876 peditum
879 2803 912 2858 et
939 2797 1099 2878 sexaginta
1128 2796 1261 2859 millibus

208 2899 347 2976 equitum
382 2897 546 2974 excipiunt.
592 2895 823 2976 Commssoque
850 2897 967 2976 praelio
997 2897 1050 2960 diu
1084 2911 1198 2977 anceps
1232 2903 1262 2958 et

208 3005 337 3060 cruente
358 3011 460 3074 pugna
482 2994 604 3058 endem
625 2997 742 3059 tristem
758 3015 856 3078 paene
871 2999 1031 3061 victoriam
1044 2997 1260 3061 Macedonibus

210 3096 301 3158 dedit.
344 3092 419 3154 Nam
441 3093 518 3156 lusis
540 3097 673 3161 bostium
696 3099 809 3178 copiis,
832 3098 1010 3160 Alexander
1032 3098 1201 3162 exercitum
1224 3097 1260 3159 ed

209 3195 322 3256 urbem*
340 3192 434 3255 duxit.
478 3193 606 3259 Etcum
631 3219 750 3262 murrum
774 3191 888 3278 primus
912 3199 1112 3276 escendisset,
1135 3217 1260 3260 vacuam

209 3292 364 3354 civitatem
386 3301 480 3372 ratus,
503 3286 587 3359 sulus
608 3301 774 3362 introrsum
798 3299 932 3376 desiluit,
958 3318 1049 3379 quem
1073 3319 1141 3360 cnm
1166 3301 1257 3364 undi-

210 3408 271 3470 que
293 3390 398 3454 infesti
424 3392 528 3457 hostes
556 3399 847 3476 circumdedissent,
881 3399 1063 3462 incredibile
1091 3401 1175 3462 dictu
1206 3406 1258 3476 est,

209 3497 244 3551 ut
265 3507 335 3552 eum
359 3510 421 3554 non
449 3496 610 3559 multitudo
637 3498 785 3576 hostium,
815 3516 876 3561 non
905 3501 952 3562 vis
980 3517 1088 3582 magna
1120 3501 1258 3576 telorum,

210 3606 272 3652 non
296 3598 397 3655 tantus
419 3594 634 3660 lacessentium
661 3599 775 3660 clauror
797 3601 957 3677 terruerit,
985 3603 1068 3663 solus
1097 3608 1141 3662 tot
1170 3600 1259 3662 millia

210 3691 358 3770 ceciderit
379 3714 416 3757 ac
437 3695 558 3776 sugerit.
576 3759 580 3771 ,
601 3698 642 3759 At
665 3700 718 3762 ubi
740 3718 774 3762 se
802 3699 891 3762 obrui
917 3719 935 3762 a
965 3701 1149 3764 circumfusa
1178 3700 1257 3762 mul-

208 3790 339 3854 titudine
361 3795 524 3872 persensit,
547 3797 627 3856 muri
642 3799 731 3860 obice
754 3801 922 3880 posteriora
944 3809 1070 3882 tutatus,
1093 3803 1258 3866 contrarios

207 3887 330 3956 facilius
353 3907 391 3952 eo
413 3908 511 3972 usque
533 3896 698 3975 sustinuit,
729 3897 827 3964 donec
849 3902 887 3965 ad
909 3903 1079 3982 periculum
1102 3905 1180 3986 ejus¹
1193 3903 1257 3966 ela-
