2634 4434
555 324 601 394 81

474 424 682 436 ——a-——n

58 554 186 618 Caesare
208 557 265 619 isla
288 557 496 637 provenerint,
520 559 552 619 in
574 557 641 639 ipso
662 557 792 638 imperio
807 556 946 620 Caesaris
967 558 1105 623 illuxisse

55 663 153 718 ortum
176 657 208 718 in
230 657 290 719 boc
312 657 425 719 mundo
446 657 571 720 Domini
593 657 691 720 nostri
716 655 791 719 lesu
819 656 930 719 Christi
957 658 1104 739 liquidis-

6 831 9 834 *
53 756 128 818 sima
151 758 330 836 probatione
353 755 547 820 manifestum
569 764 632 820 est:
660 757 752 819 inviti
777 756 852 820 licet
880 757 942 836 illi,
969 775 1048 840 quos
1074 760 1106 822 in

53 854 270 936 blasphemiam
294 857 423 938 urgebat
445 858 572 935 invidia,
593 873 783 939 cognoscere
806 857 958 939 laterique
980 875 1106 940 cogun-

53 961 116 1034 tur,
139 975 246 1038 pacem
270 955 358 1019 istam
381 959 474 1020 totius
496 959 602 1021 mundi
624 966 656 1020 et
679 958 957 1038 tranquillissimam
978 959 1105 1022 screni-

53 1063 163 1134 tatem,
190 1075 252 1120 non
279 1059 489 1140 magnitudine
516 1058 671 1136 Caesaris,
699 1059 754 1122 sed
782 1065 933 1138 potestate
960 1058 1015 1120 lilii
1036 1058 1107 1136 Del,

52 1157 104 1236 qui
125 1157 160 1218 in
175 1156 285 1220 diebus
302 1158 440 1220 Caesaris
462 1160 612 1241 adparuit,
633 1159 805 1233 exstitisse
820 1147 888 1220 'nec
909 1159 1002 1221 uarius
1017 1158 1107 1220 Urbis

50 1257 245 1336 imperatori,
268 1258 323 1321 sed
345 1260 476 1321 creatori
498 1259 589 1322 Orbis
611 1259 749 1322 universi
776 1257 889 1322 Orbem
916 1259 1016 1338 ipsum
1042 1276 1106 1340 ge·
1187 1279 1211 1304 ·

50 1358 150 1419 ncrali
172 1360 351 1440 cognitione
371 1361 526 1440 paruisse:
550 1361 615 1440 qui,
637 1360 718 1422 sicut
739 1358 786 1422 sol
806 1360 910 1422 oriens
933 1359 1013 1422 diem
1035 1359 1106 1421 luce

49 1455 225 1535 perfundit,
248 1461 289 1521 ita
316 1461 485 1525 adveniens
513 1459 768 1536 misericorditer,
802 1466 926 1522 extenta
959 1459 1105 1522 mundum

48 1575 127 1639 pace
150 1557 298 1620 vestierit.
343 1561 432 1632 Quod
453 1559 592 1640 plenius,
613 1578 682 1621 cum
711 1559 749 1621 ad
776 1559 808 1624 id
835 1561 901 1641 ipso
926 1559 1106 1639 perficiente

50 1657 189 1718 Domino
211 1663 339 1720 ventum
361 1655 471 1736 luerit,
493 1657 675 1738 proferetur.

418 1926 615 2065 tcput
657 1915 745 2035 'llt

51 2148 201 2217 Romani
221 2147 361 2218 Luticia
382 2153 502 2220 bellum
524 2150 686 2240 inferant.
721 2151 882 2220 Montius
905 2152 1107 2238 Torquatus

104 2250 217 2334 filicem
238 2254 370 2320 occidit.
413 2252 589 2334 Minucio,
624 2253 774 2320 Vestalis
795 2257 908 2340 cirpoc,
930 2256 1052 2322 incerti

492 2357 667 2422 άαηιηαὶα.

139 2505 237 2587 Igitur
261 2527 344 2570 anno
364 2509 401 2570 ab
424 2509 506 2572 Urbe
529 2509 651 2570 condita
674 2507 820 2569 cccclx.
843 2507 970 2568 Romani
993 2507 1107 2579 bellum

52 2605 170 2667 Latinis
192 2607 414 2671 rebellantibus
436 2609 622 2685 intulerunt,
649 2607 762 2670 Manlio
784 2608 936 2687 'torquato
959 2614 991 2668 ct
1013 2609 1109 2672 Decio

53 2705 143 2768 Mure
170 2709 362 2771 consulibus:
393 2711 424 2770 in
452 2726 513 2790 quo
541 2709 623 2770 bello
652 2726 732 2770 unus
760 2707 866 2770 consul
893 2711 994 2770 inter·
1021 2706 1108 2791 [165]

54 2805 157 2869 lectus
179 2815 243 2887 est,
270 2810 348 2890 alter
370 2811 487 2872 exstitit
508 2811 665 2891 parricida.
709 2808 839 2870 Manlius
862 2809 943 2870 euim
965 2809 1108 2888 Torqua-

54 2913 104 2968 tus
125 2907 224 2970 lilium
242 2928 344 2988 suum,
366 2912 523 2992 juvenem3
547 2911 694 2972 victorem
717 2908 1009 2989 interfectoremque
1025 2909 1111 2973 blatii

55 3007 241 3097 Tusculani,
275 3009 388 3072 nobilis
421 3013 534 3090 equitis
566 3017 598 3072 et
630 3017 694 3072 turn
724 3011 888 3091 praecipue
916 3013 1110 3090 provocantis

56 3112 151 3188 atque
173 3111 348 3173 insultantis
370 3111 483 3189 bostis,
506 3111 626 3173 occidit.
670 3109 758 3172 Alius
788 3127 862 3170 vero
890 3112 1012 3188 consul,
1041 3130 1110 3175 cnm

56 3209 169 3271 iterato
198 3213 342 3274 conflictu
370 3211 445 3274 illud
479 3228 592 3288 cornu,
626 3211 677 3272 cui
709 3217 864 3290 praeerat,
898 3211 985 3271 caedi
1018 3218 1111 3290 atque

57 3309 164 3392 adfligi
188 3313 326 3391 videret,
360 3315 393 3375 in
420 3310 660 3374 confertissimos
687 3310 792 3370 hostes
818 3315 927 3388 sponte
954 3311 1111 3392 prolapsus

58 3411 213 3475 occubuit.
257 3413 403 3491 Manlius,
433 3411 570 3492 quamvis
596 3411 712 3497 victor,
741 3427 901 3472 occursum
924 3417 1026 3476 tamen
1049 3432 1111 3476 no·

57 3510 166 3572 billum
185 3511 335 3592 juvenum
358 3513 578 3588 Romanorum,
609 3511 662 3591 qui
689 3511 826 3594 legitime
856 3513 995 3577 exbiberi
1023 3515 1112 3592 solet,
1143 3576 1153 3601 f

58 3612 249 3691 triumphans
272 3613 432 3693 parricida,
456 3630 517 3674 non
541 3616 660 3676 meruit.
703 3613 795 3674 Anno
817 3619 919 3675 autern
943 3614 1114 3695 posthunc
1138 3606 1154 3746 Ξ
1179 3583 1231 3693 {2⁷7

59 3712 272 3794 subsequente
286 3713 430 3792 Minucia,
451 3716 540 3795 virgo
556 3713 698 3793 Vestalis,
722 3713 760 3774 ob
776 3713 939 3776 adinissum
963 3716 1113 3774 incestum

61 3811 202 3876 damnata
225 3819 288 3892 est,
318 3815 453 3898 vivaque
480 3815 589 3879 obruta
616 3816 648 3878 in
675 3831 797 3894 campo,
821 3815 874 3893 qni
897 3829 980 3874 nunc
1003 3811 1114 3876 Scele-

59 3919 143 3977 ratus
166 3921 302 3978 vocatur.
