2634 4434
578 342 652 412 319

510 443 718 455 ——..-——

84 578 199 655 urenti,
228 573 289 657 per'
310 577 419 639 omnia
434 595 475 637 ex
497 577 643 638 universo
665 575 779 638 ambitu
802 575 935 636 civitatis
957 576 1142 638 latebrarum

85 677 235 740 foramina
258 677 408 739 effluxere
430 695 524 757 grana
548 678 634 753 vira,
657 677 724 738 sive
747 676 926 752 occasione,
954 676 1022 737 sive
1039 674 1140 739 ‘veri-

85 785 148 839 tate
170 784 331 854 commota,
357 778 459 838 omnia
482 784 583 839 umen
605 776 644 837 de
667 782 829 855 praesente
851 774 949 836 salute
972 775 1141 861 credentia,

84 897 127 938 ex
148 877 260 939 horreo
282 877 454 938 dominicae
475 877 714 957 praeparationis
737 881 860 954 accepta
887 882 973 936 sunt:
1011 875 1141 955 Reliqua

82 994 177 1053 vero,
205 978 285 1038 sicut
306 983 440 1038 stercora
463 984 494 1038 et
514 976 600 1041 velut
621 975 743 1055 paleae,
767 977 831 1055 ipsa
854 974 903 1036 vel
926 975 1140 1066 incredulitate

82 1076 134 1141 vel
150 1075 358 1139 inobedientia
375 1075 589 1153 praejudicata,
612 1076 649 1137 ad
673 1075 887 1136 exterminium
911 1081 1002 1154 atque
1026 1076 1139 1136 incen-

83 1175 167 1237 dium
183 1182 403 1238 remanserunt.
443 1175 518 1247 Quis
540 1175 616 1237 baec
638 1175 829 1254 perpendere
853 1175 950 1253 plenis
974 1175 1139 1252 miraculis,

82 1276 154 1353 quis
176 1277 353 1355 praedicare
375 1275 476 1354 dignis
499 1274 639 1336 laudibus
663 1275 776 1355 queat?
810 1275 910 1336 Tertia
934 1276 983 1337 die
1006 1276 1138 1352 barbari,

82 1393 174 1454 quam
197 1375 329 1455 ingressi
351 1373 472 1436 suerent
487 1373 609 1452 Urbem,
632 1382 740 1454 sponte
764 1375 935 1452 discedunt,
958 1375 1038 1438 iacto
1062 1377 1137 1455 qui-

81 1475 153 1536 dem
175 1475 398 1554 aliquantarum
421 1476 542 1536 aedium
566 1475 727 1552 incendio,
755 1476 809 1539 sed
832 1493 872 1538 ne
895 1482 978 1538 lanto
1001 1477 1136 1556 quidem,

81 1581 229 1654 quantum
252 1575 525 1654 septingentesimo
548 1575 733 1636 conditionis
756 1577 823 1656 ejus
846 1593 926 1636 anno
949 1594 1038 1637 casus
1053 1575 1135 1637 effe-

80 1681 175 1736 cerat.
219 1674 293 1735 Nam
316 1677 342 1736 si
366 1673 531 1746 exhibitam
554 1673 684 1736 Neronis
711 1673 905 1754 imperatoris
933 1676 982 1738 sui
1010 1681 1135 1754 specta-

80 1774 159 1836 culis
185 1773 452 1837 inssernmationem
475 1791 670 1850 recenseam,
694 1774 800 1852 procul
822 1775 915 1838 dubio
939 1775 1021 1836 nulla
1044 1792 1134 1862 com-

78 1875 238 1952 paratione
270 1875 519 1956 aequiparabitur
550 1874 720 1935 seeundum
754 1874 799 1951 id,
833 1875 915 1955 quod
948 1877 1136 1936 excitaverat

77 1973 205 2036 lascivia
230 1974 395 2057 Principio,
428 1975 486 2038 boc
520 1975 601 2055 quod
635 1992 718 2036 uuna
750 1975 889 2037 intulerit
922 1977 966 2037 ira
998 1975 1132 2041 victoris.

75 2072 188 2153 Neque
220 2093 295 2136 vero
322 2075 476 2138 Gallorum
505 2075 682 2136 meminisse
709 2075 740 2136 in
768 2074 941 2154 hujusmodi
969 2076 1132 2138 collatione

77 2172 189 2251 debeo,
213 2177 265 2254 qui
287 2178 434 2238 continuo
456 2193 554 2255 paene
576 2175 649 2236 anni
669 2175 766 2254 spatio
781 2177 927 2237 incensae
943 2192 1132 2253 eversaeque
1182 2242 1184 2246 ,

65 2271 168 2334 'Urbis
191 2275 317 2337 adtritos
339 2277 460 2338 cineres
484 2276 695 2356 possederunt.
739 2273 777 2336 Et
799 2293 839 2336 ue
862 2276 1021 2355 quisquam
1051 2273 1131 2336 forte

76 2371 232 2436 dubitaret
253 2376 290 2437 ad
313 2378 537 2456 correptionem
560 2375 712 2456 superbae
734 2375 894 2451 lasciviae,
924 2382 956 2436 et
982 2374 1129 2454 blasphe-

75 2490 146 2532 mae
172 2476 304 2536 civitatis
332 2475 470 2538 hostibus
499 2475 596 2538 fuisse
626 2474 823 2556 permissum,
857 2476 965 2536 eodeni
993 2483 1130 2554 ternpore

74 2571 245 2635 clarissima
267 2574 357 2635 Urbis
378 2575 444 2636 loca
467 2574 646 2639 fulminibus
669 2577 768 2640 diruta
790 2582 876 2655 sunt,
904 2594 982 2656 quae
1005 2575 1128 2636 intlarn-

72 2673 154 2732 rnari
175 2672 213 2733 ab
235 2672 373 2736 hostibus
394 2677 610 2754 nequiverunt.

408 2925 628 3065 ,laput
678 2929 768 3040 xt.
1040 2963 1126 3051 [5⁷61

59 3120 131 3191 'De
152 3130 353 3211 irreptione,
375 3131 636 3215 casletioneque
652 3129 855 3212 Alandrum,
878 3132 1074 3201 saevorum
1096 3143 1130 3203 ct

79 3227 324 3296 Vandelarum.
362 3228 513 3295 diemde
536 3228 707 3299 Gratiano
729 3237 874 3318 tyranno
897 3241 931 3301 el
951 3235 1129 3304 Conslan-

74 3331 146 3396 lino
178 3333 385 3415 imperatore
416 3333 510 3416 apud
540 3331 732 3400 Britannos
739 3360 750 3414 ,-
782 3337 892 3419 deque
924 3336 1064 3424 Didymi
1096 3345 1128 3406 el

342 3428 519 3499 Veriniuni
537 3437 645 3519 pestis
668 3439 702 3500 ei
717 3437 874 3500 interitu.

160 3586 250 3648 Anno
272 3590 376 3668 itaque
399 3590 436 3652 ab
459 3590 540 3652 Urbe
563 3590 685 3652 condita
708 3591 862 3654 MCLXlV.
886 3595 1014 3674 irruptio
1037 3597 1126 3660 Urbis

74 3702 129 3763 per
150 3685 315 3750 Alaricum
329 3689 407 3752 iacta
430 3699 492 3753 est:
524 3693 612 3773 cujus
640 3693 687 3754 rei
710 3696 848 3774 quamvis
869 3711 980 3756 recens
1004 3715 1125 3759 memo-

73 3786 118 3846 ria
140 3788 195 3863 sit,
222 3795 284 3850 tum
313 3791 339 3851 si
362 3793 431 3870 quis
453 3793 549 3872 ipsius
571 3795 675 3874 populi
697 3793 822 3856 Rotnani
845 3787 878 3854 ‘et
901 3795 1124 3860 multitudinem

74 3887 176 3948 videat
198 3895 229 3949 et
251 3907 358 3952 vocem
374 3892 488 3968 audiat,
511 3894 587 3954 nibil
604 3893 730 3970 facturn,
745 3894 825 3956 sicul
840 3897 930 3955 etiarn
947 3897 1004 3976 ipsi
1019 3895 1124 3959 falen-

76 3993 133 4065 tur,
156 3987 362 4068 arbitrabitur,
386 3992 445 4053 nisi
467 3990 630 4070 aliquantis
652 3994 752 4057 adbuc
774 3996 993 4060 exsistentibus
1016 4017 1054 4060 ex
1071 4000 1117 4059 in=
