2634 4434
700 347 772 416 160

628 449 835 459 ———.—

575 580 764 719 toput
817 577 891 686 tt.

203 784 263 851 De
288 785 373 851 detto
398 785 438 851 ta
458 784 633 869 Hispania
660 803 738 851 eum
770 780 942 866 Viriatho,
975 784 1085 866 deqrre
1111 780 1260 851 Lusita-

166 955 177 966 ,
203 881 634 953 commessationum
661 883 841 952 Gallorum
868 887 1013 951 auecta
1040 883 1201 971 conflictu
1230 889 1262 951 et

202 987 334 1071 ingenti
353 984 487 1052 Romae
505 987 715 1070 pestilentia,
743 986 888 1071 udicare
910 985 1004 1050 deltis
1025 982 1262 1053 Romanorum

386 1105 465 1154 rum
486 1085 725 1168 atramenta,
748 1089 828 1154 item
849 1084 1079 1153 Mitdra'datis.

290 1239 401 1304 lisdem
425 1241 603 1305 consulibus
625 1241 780 1304 Viriathus
803 1241 835 1302 in
858 1241 1012 1322 Hispania,
1033 1257 1151 1324 genere
1167 1239 1259 1302 Lusi-

205 1349 310 1418 tanus,
345 1341 436 1404 homo
463 1343 622 1422 pastoralis
651 1349 684 1404 et
710 1341 803 1419 latro,
826 1343 956 1422 primurn
984 1339 1159 1404 infestando
1186 1341 1261 1419 vias

205 1441 319 1515 deinde
341 1443 488 1503 vastando
510 1443 700 1523 provincias,
728 1450 882 1523 postremo
909 1428 1064 1504 exercitus
1086 1425 1260 1522 praetorum

206 1535 293 1626 [292]
320 1548 352 1602 et
379 1541 539 1604 consulum
567 1541 772 1606 Rornanorum
801 1543 971 1621 vincendo,
994 1541 1147 1626 fugando,
1171 1541 1259 1604 subi-

203 1643 308 1721 gendo
341 1641 472 1705 maximo
504 1643 616 1706 terrori
647 1643 792 1706 Romanis
828 1643 886 1708 tuit
914 1643 1072 1707 omnibus:
1106 1643 1259 1724 siquidem

204 1736 327 1804 Iberum
361 1750 393 1806 et
424 1744 556 1827 Tagum,
589 1745 720 1807 maxima
754 1751 785 1806 ct
815 1744 1092 1806 diversissimorum
1123 1743 1260 1805 iocorum

204 1836 342 1921 flumina,
365 1844 425 1905 late
449 1844 686 1926 transgredienti
710 1851 741 1905 et
762 1845 941 1928 pervaganti
964 1845 997 1906 C.
1020 1843 1150 1906 Vetilius
1166 1863 1258 1926 prae-

205 1949 254 2025 tor
282 1945 432 2020 occurrit,
460 1946 513 2024 qui
536 1946 699 2022 continuo,
722 1963 813 2008 caeso
835 1964 934 2025 usque
957 1945 994 2008 ad
1017 1945 1260 2007 internecionem

203 2061 303 2120 paene
319 2045 402 2104 cinni
418 2046 558 2105 exercitu
572 2061 640 2121 suo,
663 2046 717 2106 vix
738 2046 803 2126 ipse
826 2052 949 2126 praetor
971 2063 1039 2108 cum
1060 2044 1167 2126 paucis
1191 2044 1261 2126 fuga

204 2141 307 2223 tapsus
330 2145 437 2206 evasit.
484 2143 603 2206 Deinde
627 2144 658 2206 0.
683 2145 831 2210 Plautium
855 2152 1026 2228 praetorem
1050 2143 1131 2208 idem
1154 2145 1259 2207 Viria-

202 2241 274 2305 ttrus
303 2245 407 2307 multis
429 2246 554 2324 praeliis
574 2244 703 2310 tractum
726 2244 855 2330 fugavit.
903 2245 975 2310 Post
995 2245 1087 2308 etiam
1112 2243 1258 2307 Claudius

205 2343 373 2408 Unimanus
410 2365 479 2408 cum
516 2363 627 2428 magno
661 2348 813 2412 instructu
845 2347 920 2410 belli
951 2352 1058 2408 contra
1091 2344 1260 2408 Viriathum

204 2446 332 2525 missus,
366 2449 453 2527 quasi
480 2465 535 2529 pro
563 2447 714 2510 abolenda
743 2451 901 2530 superiore
930 2444 1064 2522 macuta,
1093 2445 1260 2526 turpiorem

204 2546 272 2626 ipse
299 2550 386 2611 auxit
413 2549 576 2612 infamiam.
620 2549 695 2612 Nam
719 2565 903 2632 congressus
926 2564 994 2610 oum
1017 2545 1156 2608 Viriatho
1187 2546 1257 2608 uni·
1308 2619 1309 2628 ἵ

203 2663 327 2724 versas,
355 2667 431 2728 quas
458 2667 563 2712 secum
591 2649 778 2725 deduxerat,
810 2649 912 2728 copias
940 2648 1148 2727 maximasque
1179 2648 1258 2708 vires
1308 2649 1309 2656 ’

126 2761 131 2766 ·
203 2743 332 2810 Ronrani
355 2751 510 2812 exercitus
531 2750 639 2838 annuit,
684 2748 839 2810 Viriathus
862 2745 994 2826 trabeas,
1016 2745 1126 2824 fasces,
1149 2755 1257 2808 caete·
1308 2715 1309 2806 i

205 2865 302 2927 raquo
324 2849 457 2930 insignia
479 2849 614 2910 Romana
637 2849 670 2910 in
692 2847 846 2910 montibus
869 2848 933 2908 suis
961 2855 1084 2930 tropaea
1111 2845 1259 2928 praefixit.
1308 2841 1309 2848 '

203 2943 320 3009 Eodem
354 2956 491 3027 ternpore
524 2949 654 3010 trecenti
682 2947 819 3010 Lusitani
847 2965 916 3010 curu
944 2947 1027 3012 mitte
1056 2947 1202 3010 Romanis
1231 2945 1259 3009 iu

206 3046 338 3129 quodam
360 3046 439 3108 saltu
462 3053 644 3113 contraxere
667 3065 817 3130 pugnam,
840 3050 872 3110 in
895 3067 955 3130 qua
977 3041 1172 3130 septuaginta
1194 3045 1259 3108 Lu-

204 3146 321 3212 sitanos
335 3145 487 3211 Romanos
507 3155 610 3212 autem
633 3155 788 3212 trecentos
810 3149 921 3230 viginti
942 3148 1092 3212 cecidisse
1116 3147 1261 3210 Claudius

205 3247 355 3314 reiectat
383 3267 453 3311 curn
480 3251 615 3314 victores
642 3248 781 3314 Lusitani
808 3251 905 3330 sparsi
935 3267 970 3310 ac
997 3249 1100 3312 securi
1128 3246 1260 3322 abirent,
1307 3259 1308 3300 t

206 3367 286 3414 unus
308 3368 349 3412 ex
371 3351 409 3412 iis
431 3350 524 3432 longe
545 3352 717 3414 acaeteris
738 3356 936 3434 segregatus,
970 3367 1039 3410 cum
1068 3345 1261 3410 circumfusis

207 3447 363 3530 equitibus
385 3448 479 3528 pedes
502 3450 569 3530 ipse
591 3450 818 3532 deprehensus,
841 3451 933 3513 unius
955 3465 1062 3511 eorum
1085 3466 1168 3530 equo
1190 3447 1260 3508 tan·

207 3567 262 3612 cea
292 3547 446 3632 perfosso,
473 3549 569 3629 ipsius
598 3553 712 3632 equitis
739 3552 777 3614 ad
805 3569 900 3613 unum
928 3550 1022 3632 gladii
1049 3549 1143 3610 ictum
1172 3552 1263 3626 caput

207 3649 413 3734 desecuisset,
439 3649 481 3711 ita
506 3666 614 3714 omncs
643 3659 727 3714 metu
755 3652 902 3732 perculit,
931 3657 965 3734 ut
996 3647 1262 3732 prospectantibus

208 3750 326 3811 cunctis
349 3750 416 3829 ipse
438 3752 615 3813 contemtim
638 3759 731 3830 atque
754 3752 870 3812 otiosus
892 3749 1081 3812 abscederet.
1306 3737 1307 3821 i

292 3893 379 3978 [aaa]
412 3898 489 3978 app.
523 3859 668 3975 erduno,
702 3899 736 3970 o.
766 3897 900 3960 saecuto
927 3896 1051 3960 ueneno
1083 3898 1262 3960 consulatus

208 3991 325 4071 Appius
337 3994 482 4058 euodius
498 3996 646 4060 adversus
663 3996 799 4062 Salassos
807 3995 909 4061 Gallos
921 4013 1106 4079 congressus
1120 4004 1153 4060 ct
1163 3999 1262 4062 victus
