2634 4434
575 298 623 368 39

83 529 178 594 aDec
199 537 282 609 sunt,
304 537 418 611 quanto
441 533 538 612 magis
559 549 669 613 regna,
695 550 713 594 a
735 531 849 613 quibas
868 533 1008 616 reliquae
1028 545 1123 618 pote·

81 635 165 694 states
200 628 458 712 progrediunturi
504 631 535 694 Si
570 637 674 693 eutem
705 649 803 713 regna
835 633 973 712 diversa,
1010 646 1124 716 quanto

80 730 201 810 aequius
221 749 351 813 regnum
374 731 498 812 aliquod
520 732 698 810 maximum,
719 733 772 794 cui
792 732 983 813 reliquorum
1003 753 1123 815 regno·

78 843 137 890 rum
158 837 292 910 potestas
314 831 460 894 universa
482 828 667 913 suinciturt
690 832 782 912 quale
803 851 822 894 a
843 834 995 914 principio
1016 833 1123 915 Baby·

77 923 196 1008 lonium,
218 939 250 992 et
270 931 382 996 deinde
397 929 628 1012 Macedonicum
644 928 719 1005 iuit3
741 938 809 1011 post
824 933 916 995 etiam
930 932 1124 1013 Africanum,

75 1033 160 1107 atque
191 1030 223 1092 in
255 1029 316 1092 fine
348 1029 533 1108 Romanum,
567 1030 650 1110 quod
682 1047 784 1112 usque
815 1032 854 1093 ad
886 1049 970 1095 nuuc
1001 1040 1121 1096 manet:

74 1128 238 1211 eademque
265 1130 414 1192 ineffabili
443 1130 636 1192 ordinatione
657 1147 714 1208 per
735 1137 867 1210 quatuor
888 1132 994 1195 mundi
1015 1134 1121 1195 cardi-

71 1242 133 1305 ucs,
156 1237 289 1309 quatuor
310 1247 476 1313 regnorum
499 1230 689 1310 principatus
710 1227 847 1308 suerunt,
870 1230 1023 1293 distinctis
1042 1249 1121 1313 gra-

71 1324 155 1390 dibus
184 1331 373 1409 eminentes,
402 1337 437 1393 ut
463 1329 665 1412 Babylonium
697 1348 828 1411 regnum
861 1329 899 1392 ab
932 1331 1071 1410 criente,
1102 1349 1122 1394 a

69 1429 194 1492 meridie
220 1430 476 1512 Carthaginense,
507 1449 524 1492 a
556 1428 767 1509 septentrione
799 1428 1048 1509 Macedonicum,
1080 1430 1120 1494 ab

68 1527 228 1590 occidente
237 1528 427 1609 ,Romanumz
451 1547 581 1609 quorum
602 1529 685 1590 inter
705 1530 837 1607 primum
856 1547 893 1592 ac
907 1531 1119 1609 novissimum,

66 1623 93 1684 id
115 1631 176 1702 est,
199 1626 282 1688 inter
303 1627 507 1708 Babylonium
529 1635 560 1688 ct
579 1627 760 1703 Romanum,
790 1630 879 1706 quasi
899 1630 982 1692 inter
1001 1637 1120 1708 patrem

65 1739 170 1786 senem
199 1743 237 1788 ao
265 1725 361 1790 tilium
395 1727 572 1815 parvulum,
605 1722 786 1785 Africanum
818 1732 851 1786 et
877 1725 1120 1805 Macedonicum,

64 1820 180 1886 brevia,
192 1832 223 1887 et
245 1826 358 1904 media,
381 1826 469 1906 quasi
485 1832 568 1887 tutor
582 1829 767 1904 curatorque
780 1833 945 1903 venerunt,
967 1833 1119 1906 potestate

65 1925 224 2004 temporis,
252 1943 314 1989 non
332 1928 405 2008 jure
426 1923 634 2000 haereditatis,
656 1924 795 1988 admmsa.
840 1924 929 1997 Quod
950 1933 1053 1990 utrum
1075 1927 1118 1990 ita

63 2022 111 2100 sit,
133 2025 326 2104 apertissime
348 2023 495 2106 expedire
518 2022 641 2088 curabo.

320 2287 322 2292 Ι
436 2345 623 2482 tt'eput
676 2342 737 2453 11.
1044 2378 1115 2462 uu

61 2561 351 2650 Semodictcrom
377 2563 480 2647 quast
507 2563 661 2646 epitomae
682 2561 966 2642 diversorumque
984 2577 1116 2643 reprac-

121 2687 202 2733 rum
225 2686 266 2732 ec
289 2669 478 2748 temporum
506 2663 653 2744 collatio,
683 2663 794 2747 deque
814 2661 1052 2767 vicissitudine

489 2781 686 2847 reynerum.
786 2838 790 2846 ⁴

143 2938 214 3000 Rex
234 2940 351 3018 primus
372 2936 453 3017 apud
474 2936 633 3018 Assyrios,
663 2935 718 3018 qui
740 2935 877 2997 eminere
897 2935 1030 2996 caeteris
1051 2951 1114 3014 po·

59 3039 128 3116 tuit,
153 3037 251 3099 Ninus
273 3035 339 3099 fuit.
373 3036 483 3099 Occiso
497 3036 588 3114 Nino,
610 3036 797 3112 Semiramis,
819 3031 899 3096 uxor
920 3034 998 3116 ejus,
1020 3033 1115 3097 totius

57 3134 157 3200 Asiae
175 3138 294 3219 regina,
309 3135 506 3216 Babyloniam
521 3136 629 3199 urbem
644 3134 836 3210 instauravit,
858 3140 1011 3213 caputque
1024 3133 1116 3212 regni

57 3235 182 3318 Assyrii
204 3244 239 3298 ut
259 3243 343 3298 esset
363 3236 503 3298 instituit.
544 3235 684 3315 Regnum
706 3233 902 3312 Assyriorum
924 3231 978 3292 diu
999 3230 1115 3292 incon·

57 3354 153 3400 cussa
175 3340 310 3417 potentia
331 3337 425 3414 stetit,
448 3337 503 3398 sed
526 3351 595 3395 cum
615 3331 761 3407 Arbatus,
784 3346 874 3409 quem
898 3329 951 3391 alii
962 3328 1114 3394 Arbacem

56 3443 185 3514 vocant,
207 3435 381 3516 praefectus
396 3434 565 3510 Medorum,
588 3432 733 3510 idemque
755 3429 879 3491 natione
893 3427 1012 3509 Medus,
1035 3430 1113 3495 Sar-

56 3536 243 3617 danapalum
278 3555 385 3619 regem
421 3551 511 3597 suum
547 3531 626 3613 apud
663 3529 860 3610 Babyloniam
896 3530 1114 3607 interfecisset,

55 3637 152 3716 regni
175 3651 286 3698 nomen
310 3643 342 3698 et
362 3652 510 3698 summam
532 3633 570 3695 ad
591 3631 698 3695 Medos
720 3630 880 3693 transtulit.
924 3629 968 3692 lta
988 3629 1061 3691 Nini
1083 3634 1115 3688 et

55 3735 228 3816 Babylonis
250 3752 380 3816 regnum
403 3752 442 3797 eo
463 3751 544 3796 anno
571 3735 603 3796 iu
630 3732 737 3795 Medos
763 3731 933 3792 derivatum
962 3734 1024 3803 est,
1052 3743 1114 3804 quo

56 3853 144 3897 anno
166 3835 247 3915 apud
268 3835 392 3897 Latinos
407 3835 527 3910 Procas,
549 3832 665 3895 Amulii
687 3837 719 3892 et
732 3829 898 3892 Numitoris
920 3831 1015 3904 pater,
1037 3834 1115 3889 avus

55 3943 166 3999 autem
188 3934 293 4001 Rheae
316 3935 459 4018 Sylviae,
492 3951 571 4014 quae
599 3939 698 3996 mater
724 3928 846 3992 Romuli
877 3924 950 4002 fuit,
982 3942 1115 4007 regnare
