2634 4434
555 343 603 415 93

474 441 681 454 -nn———nnn

62 579 157 642 stitem
188 599 230 644 ex
255 581 377 644 occulto
404 584 538 662 monuit,
568 585 642 665 quid
670 583 729 646 sibi
757 593 909 666 tamquam
933 593 1105 658 consulenti

60 683 234 760 responderi
260 683 350 761 velit,
377 684 459 748 sicut
484 683 623 748 historici
650 703 758 748 eorum
781 685 895 749 dicunt.
939 688 982 750 lta
1005 701 1107 756 certus

59 779 231 845 Alexander
256 781 315 846 luit
335 783 488 864 nobisque
509 785 658 865 prodidit,
687 785 745 848 diis
768 787 841 867 ipsis
865 790 955 850 mutis
978 798 1009 852 et
1031 808 1106 854 sur-

61 881 104 942 dis
131 884 182 946 rel
205 885 237 948 in
258 891 409 965 potestate
431 900 501 948 esse
522 886 682 962 antistitis,
705 888 780 966 quid
802 885 877 950 velit
899 885 1033 972 fingere:
1057 894 1109 955 vel

60 980 90 1041 in
110 985 269 1048 voluntate
291 985 492 1063 consulentis,
514 986 588 1065 quid
611 986 695 1048 ntulit
716 987 833 1051 audire.
875 987 1048 1054 Revertens
1068 994 1107 1058 ab

58 1078 205 1149 Ammone
239 1085 278 1148 ad
310 1086 434 1150 tertium
467 1086 623 1149 Persicum
662 1085 776 1148 bellum
818 1087 1037 1154 Alexandriam
1074 1095 1107 1154 ln

57 1181 196 1266 Aegypto
218 1186 364 1249 condidit.

383 1439 581 1576 ttput
629 1436 799 1556 xlll..

92 1639 202 1706 Darii
223 1641 380 1708 ultimum
401 1660 480 1708 calm
496 1642 699 1708 Alexandro
724 1644 894 1726 praelium
922 1644 1067 1731 ejusque

496 1742 669 1808 medrus.

138 1894 251 1956 Darius
278 1909 369 1971 vero,
396 1910 453 1974 spe
477 1895 562 1974 pacis
583 1895 704 1972 amissa,
727 1895 950 1977 quadringenta
973 1905 1005 1960 et
1027 1919 1109 1981 qua-

55 2001 124 2057 tuor
148 1994 242 2056 millia
270 1993 406 2073 peditum
434 2001 466 2056 et
492 2002 615 2056 centum
644 1997 727 2058 mille
755 1997 893 2076 equitum
921 1997 1110 2080 Alexandro,

55 2097 91 2156 ab
114 2098 260 2176 Aegypto
282 2094 467 2172 revertenti,
497 2095 578 2174 opud
604 2095 729 2158 Tarsrrm
760 2095 841 2159 bello
869 2100 1002 2176 opponit.
1045 2101 1111 2163 Nec

55 2215 179 2278 pugnae
202 2211 302 2272 mora,
324 2212 433 2257 omnes
452 2213 545 2256 caeca
571 2195 659 2257 rabie
686 2197 717 2258 in
745 2195 861 2257 lemnm
889 2204 998 2258 ruunt:
1024 2195 1110 2282 [lou]

55 2297 259 2370 Macedones,
291 2297 382 2358 toties
415 2314 431 2357 a
458 2313 493 2358 se
522 2296 618 2376 victis
642 2295 796 2385 hostibus,
819 2295 965 2371 animosi3
989 2295 1111 2380 Persae,

55 2401 115 2461 nisi
139 2399 277 2475 vincant,
299 2398 376 2460 mori
398 2403 621 2477 praeoptantes.
659 2395 738 2456 Raro
760 2396 792 2458 in
814 2394 878 2456 ullo
900 2395 1016 2474 praelio
1039 2407 1111 2468 tan-

58 2507 120 2561 tum
157 2499 316 2580 sanguinis
349 2496 451 2559 iusum
485 2503 541 2556 est.
586 2492 648 2558 Sed
680 2495 790 2554 Darius
823 2511 892 2552 cum
926 2495 1010 2556 vinci
1042 2513 1114 2560 suos

57 2601 197 2678 videret,
228 2601 304 2660 mori
334 2600 365 2660 in
394 2597 477 2659 bello
504 2601 643 2675 paratus,
673 2609 822 2674 persuasu
850 2610 975 2654 suorum
1005 2592 1114 2678 iugero

57 2701 237 2782 compulsus
259 2707 314 2763 est.
357 2699 423 2761 lloo
444 2696 561 2779 praelio
582 2696 677 2760 Asiae
698 2695 781 2756 vires
803 2700 836 2755 et
860 2710 957 2774 regna
985 2697 1114 2758 cecide-

57 2811 149 2881 runt,
172 2809 318 2881 totusque
339 2801 445 2862 oriens
466 2801 498 2860 ln
521 2804 701 2878 potestatem
724 2793 915 2856 Macedonici
937 2797 1031 2856 cessit
1053 2797 1115 2856 im·-

58 2906 157 2984 perii,
190 2911 284 2982 utque
312 2905 354 2964 lta
381 2901 490 2964 adtrita
520 2907 566 2962 est
596 2900 627 2960 in
650 2895 814 2958 bochello
837 2895 994 2956 Persarum
1019 2895 1117 2958 omnis

59 3005 186 3082 lidueia,
208 3010 244 3065 ut
264 3010 333 3084 post
354 3002 412 3063 lroc
434 3001 538 3063 nullus
554 2999 707 3062 rebellare
723 3012 815 3058 ausus
831 2997 880 3077 sit,
903 2997 1118 3078 patienterque

59 3106 175 3169 Persae
208 3111 277 3186 post
303 3104 463 3184 imperium
492 3108 536 3163 tot
563 3116 713 3161 annorum
736 3096 845 3177 jugum
875 3097 1031 3157 servitutis
1059 3117 1116 3157 ac·-

61 3207 214 3288 ceperint.
258 3202 436 3267 Alexander
457 3201 716 3282 trigintaquatuor
741 3197 895 3258 continuis
924 3193 1034 3256 diebus
1061 3212 1118 3254 ca-

60 3318 198 3372 strorum
235 3306 378 3387 praedam
414 3302 609 3384 percensuit3
647 3296 848 3374 Persepolim,
882 3300 973 3372 caput
1006 3294 1120 3356 Persici

60 3409 167 3492 regni,
190 3405 297 3470 urbem
313 3405 545 3468 famosissimam
560 3396 878 3475 confertissimamque
896 3393 1005 3476 opibus
1026 3397 1121 3457 totius
1186 3442 1195 3458 .

62 3512 169 3598 orbis,
196 3507 315 3570 invasit.
358 3505 485 3567 Darium
512 3518 604 3578 vero,
628 3515 696 3561 cnm
719 3516 737 3560 a
759 3497 938 3578 propinquis
960 3496 1024 3558 suis
1045 3497 1120 3557 vin-

64 3621 152 3674 ctum
169 3608 370 3689 compedibus
384 3605 487 3668 aurcis
508 3601 607 3666 teneri
622 3599 832 3680 comperisset,
848 3598 993 3680 persequi
1009 3594 1122 3658 statuit.

63 3714 177 3794 ltaque
189 3713 278 3793 jusso
291 3717 326 3772 ut
340 3707 584 3787 subsequeretur
598 3702 748 3779 exercitu,
770 3701 837 3781 ipsc
855 3715 925 3761 cum
947 3713 1003 3759 sex
1026 3691 1122 3754 milli·-

64 3815 128 3876 bus
150 3813 290 3893 equitum
314 3810 469 3891 proiectus
497 3806 618 3870 invenit
643 3805 676 3864 in
703 3802 815 3864 itinere
842 3799 940 3862 solum
969 3791 1123 3871 relictum,
1191 3861 1199 3874 ⁸

65 3915 176 3977 multis
202 3910 378 3975 confossum
401 3908 582 3973 vulneribus
604 3911 636 3966 ot
657 3909 794 3965 extrema
816 3899 898 3960 vilae
920 3911 975 3973 per
995 3892 1125 3970 vulnera

66 4015 237 4081 efflantem.
282 4014 371 4076 Hunc
392 4018 545 4073 mortuum
569 4005 653 4068 inani
675 3997 883 4064 misericordia
905 3991 1015 4055 reierri
1038 3987 1125 4070 [1861

957 4107 973 4154 r
