2634 4434
717 329 788 400 186

647 429 855 443 ...ιι-α*-

225 573 371 635 continuo
404 570 501 651 uopiis
533 568 668 631 vietorcs
697 566 870 646 insperatus
898 561 1065 644 oppressit,
1094 566 1162 622 octa
1187 558 1281 621 millia

225 680 256 735 et
278 674 344 753 ipse
366 669 533 731 Marsorum
557 666 722 730 interfecit.
766 664 879 745 Caepio
908 669 1011 726 autem
1039 680 1059 723 a
1086 660 1224 723 Vestinis
1252 667 1282 721 et

224 772 331 835 Marsis
352 771 503 834 deductus
531 771 564 831 in
591 769 733 845 insidias,
758 784 827 829 cum
855 765 997 827 exercitu
1023 762 1196 824 trucidatus
1224 768 1280 822 est.

224 873 258 933 L,
286 888 362 933 uero
389 870 489 933 Julius
519 870 645 947 Caesar,
675 876 835 949 postquam
862 864 942 946 apud
968 863 1150 926 Aeserniam
1180 862 1281 922 victus

225 972 404 1054 aufugerat,
431 972 596 1034 contractis
623 970 762 1050 undique
784 968 881 1047 copiis
902 966 1053 1029 adversus
1074 962 1230 1027 Samnites
1253 968 1283 1023 et

224 1074 365 1135 Lucanos
392 1072 556 1150 dimicans,
585 1070 680 1133 multa
702 1070 835 1133 bostium
858 1068 952 1129 millia
974 1061 1138 1128 interfecit.
1183 1062 1282 1123 Gum-

227 1192 287 1255 que
316 1174 354 1236 ab
388 1174 528 1236 exercitu
560 1172 729 1261 imperator
760 1168 930 1250 adpellatus
962 1172 1061 1243 esset,
1092 1164 1283 1242 Romamque

226 1276 356 1338 nuncios
378 1274 417 1337 de
438 1274 566 1335 victoria
583 1274 726 1350 misisset,
744 1277 870 1334 senatus
885 1284 993 1350 sagum
1008 1266 1067 1329 hoc
1082 1272 1145 1328 est:
1161 1271 1282 1326 vestem

227 1377 386 1452 moeroris,
409 1392 499 1455 quam
522 1354 630 1435 enorto
652 1371 761 1435 sociali
782 1370 864 1433 bello
886 1374 1049 1445 sumserat,
1070 1366 1128 1429 bac
1149 1383 1206 1445 spe
1226 1382 1282 1426 ar-

225 1476 349 1539 ridente
368 1476 528 1555 deposuit,
551 1481 643 1554 atque
665 1474 824 1553 antiquum
854 1479 945 1553 togae
973 1470 1117 1533 decorem
1144 1482 1282 1545 recupe-

226 1578 314 1639 ravit.
358 1574 470 1637 Marius
493 1575 605 1637 deiude
626 1590 685 1635 sex
705 1573 800 1635 millia
822 1572 990 1635 Marsorum
1013 1568 1142 1646 cecidit,
1164 1574 1282 1648 septem

227 1676 321 1738 millia
344 1677 436 1739 armis
461 1677 556 1739 exuit.
600 1675 686 1739 Sulla
712 1693 782 1738 cum
810 1674 920 1756 viginti
947 1678 1080 1752 quatuor
1105 1666 1284 1732 cohortibus

227 1777 408 1839 Aeserniam
436 1778 564 1854 missus,
592 1775 646 1837 ubi
673 1776 842 1838 arctissima
865 1773 1026 1835 obsidione
1047 1770 1178 1833 Romani
1199 1770 1284 1829 cives

228 1884 260 1940 et
287 1877 399 1939 milites
427 1876 659 1957 premebantur,
686 1877 818 1937 maximo
846 1873 938 1956 bello
962 1881 994 1936 et
1025 1872 1154 1953 plurima
1189 1868 1284 1931 caede

228 1978 363 2039 bostium
383 1978 491 2040 urbem
514 1980 680 2057 sociosque
697 1977 845 2039 servavit
884 1976 938 2037 dn.
959 1974 1121 2054 Pompejus
1143 1972 1284 2033 Picentes

164 2129 166 2133 .
228 2078 316 2159 gravi
336 2078 454 2158 praelio
475 2077 565 2155 ludit,
589 2096 648 2158 qua
670 2078 799 2141 victoria
823 2077 954 2141 Senatus
976 2074 1130 2138 laticlavia
1152 2079 1282 2134 etcae-

116 2234 119 2237 ,
229 2186 295 2241 tera
328 2178 485 2261 dignitatis
518 2180 651 2262 insignia
683 2180 820 2259 recepit,
852 2196 922 2240 cum
956 2184 1043 2258 togas
1074 2172 1286 2236 tantummodo

229 2281 357 2342 victoria
374 2280 512 2343 Caesaris
534 2282 664 2362 primum
686 2282 841 2362 respirans
863 2279 1031 2342 sumsisset
1069 2274 1199 2336 Porcius
1214 2273 1286 2335 Cato

229 2386 353 2460 praetor
372 2379 528 2460 Etruscos,
550 2382 665 2444 Plotius
687 2382 807 2463 legatus
829 2380 958 2441 Umbros
980 2377 1111 2459 plurimo
1133 2375 1286 2457 sanguine

230 2482 360 2560 inpenso
390 2488 422 2543 et
449 2481 628 2545 difficillimo
655 2482 761 2544 labore
787 2484 938 2545 vicerunt.
983 2480 1038 2541 Gn,
1065 2474 1284 2558 Pompejo,b

230 2580 338 2643 Porcio
361 2581 476 2644 Catone
498 2582 693 2660 consulibus,
721 2583 881 2664 Pompejns
908 2582 961 2645 diu
990 2578 1112 2641 obsedit
1138 2577 1285 2639 Asculum

231 2681 402 2744 civitatem:
426 2700 485 2745 nec
508 2691 609 2745 tamen
632 2684 881 2765 expugnavisset,
905 2684 965 2745 nisi
987 2680 1133 2762 populum
1149 2680 1184 2739 in
1200 2695 1284 2740 cam-

230 2798 302 2861 pum
324 2790 572 2863 prorumpentem
592 2784 770 2863 gravissima
785 2784 985 2864 oppressione
999 2782 1134 2844 vicisset.
1172 2778 1287 2841 Decem

231 2888 264 2943 et
285 2888 355 2945 octo
378 2883 471 2945 millia
493 2882 662 2945 Marsorum
684 2885 717 2945 in
743 2902 781 2946 ea
807 2901 909 2966 pugna
937 2901 1006 2946 cum
1036 2882 1153 2943 Franco
1182 2880 1286 2961 lmpe-

231 2988 334 3043 ratore
359 2992 417 3043 suo
443 2998 533 3045 caesa
562 2989 650 3060 sunt,
678 2990 764 3063 capta
792 2984 848 3046 tria
877 2985 979 3048 millia.
1024 2983 1164 3056 Quatuor
1186 2988 1287 3043 autem

231 3076 320 3163 [338]
344 3081 437 3145 millia
452 3082 549 3146 Italici
570 3084 629 3147 viri
652 3102 693 3146 ex
713 3102 752 3146 ea
773 3084 868 3147 caede
890 3084 1012 3166 prolugi
1030 3083 1141 3164 jugum
1165 3082 1288 3157 montis,

233 3189 340 3245 coacto
363 3184 511 3247 inunum
534 3186 668 3267 agmine,
691 3184 771 3248 sorte
793 3185 1052 3251 conscenderant:
1073 3182 1128 3244 ubi
1150 3182 1290 3270 oppressi

233 3284 462 3367 exanimatique
484 3285 608 3348 nivibus
631 3287 799 3349 miserabili
825 3292 922 3347 morte
941 3286 1111 3367 riguerunt.
1149 3282 1292 3363 Namque

172 3391 174 3393 ’
234 3384 275 3446 ita
298 3392 332 3446 ut
353 3386 474 3448 attoniti
497 3387 606 3449 timore
628 3387 762 3450 bostium
789 3393 955 3464 steterant,
984 3386 1037 3448 alii
1064 3384 1214 3465 stirpibus
1243 3380 1293 3444 vel

230 3485 316 3546 'saxis
330 3554 332 3557 ,
345 3486 489 3564 reclines,
511 3486 564 3550 alii
585 3490 678 3551 armis
699 3490 764 3551 suis
786 3489 964 3565 innitentes,
988 3485 1163 3566 patentibus
1187 3483 1294 3547 cuncti

234 3584 347 3662 oculis,
370 3585 576 3668 dentibusque
599 3589 721 3650 nudatis
741 3590 913 3651 viventium
936 3588 968 3648 in
991 3586 1114 3648 modum
1136 3585 1293 3647 viseban-

234 3693 299 3747 tur:
334 3704 393 3749 nec
425 3686 521 3749 ullum
549 3696 615 3750 erat
641 3690 749 3767 procul
776 3687 967 3751 intuentibus
994 3688 1099 3748 mortis
1129 3686 1295 3761 indicium,

234 3785 294 3847 nisi
309 3786 453 3849 diuturna
468 3787 674 3865 immobilitas,
697 3806 787 3867 qnam
811 3787 896 3849 nullo
918 3788 1009 3850 modo
1031 3787 1185 3849 humanae
1208 3786 1296 3848 vitae

233 3885 389 3963 vegetatio
411 3885 463 3948 diu
486 3887 604 3967 perpeti
626 3894 735 3967 potest.
772 3887 885 3950 Eadem
907 3888 958 3950 die
973 3888 1114 3949 Picentes
1129 3886 1297 3968 congressi

235 3988 267 4043 et
282 3984 355 4047 victi
371 3992 453 4064 sunt,
476 4002 606 4066 quorum
621 3988 685 4050 dux
698 3986 878 4067 ludacilius,
900 3989 1078 4051 convocatis
1099 3987 1297 4068 principibus
