2634 4434
666 326 739 396 318

286 479 296 512 i

178 560 348 637 terendum,
373 560 551 640 spospondit
566 581 601 622 ac
618 562 752 643 protulit.
789 563 931 642 Dumque
948 563 1095 642 expositis
1111 567 1234 646 opibus,

176 662 344 723 adtonitum
368 660 528 722 barbarum
553 665 764 744 magnitudine
792 670 823 725 et
839 663 986 755 pondere
1013 683 1048 725 ae
1075 665 1234 744 pulcritu-

175 759 262 844 [574]
296 762 384 836 dine,
418 763 522 842 ignota
555 766 645 824 etiam
680 781 821 824 vasorum
856 760 1002 842 qualitate
1030 765 1233 847 intelligeret,

174 865 263 942 virgo
287 861 396 923 Christi
419 863 456 923 ad
478 863 640 926 barbarum
664 865 722 924 ait:
749 860 849 926 Haec
871 859 965 926 Petra·
986 861 1144 946 Apostoli
1166 885 1233 931 aa·

175 983 236 1028 cru
257 961 448 1024 ministeria
469 966 561 1027 cunt.
604 961 825 1043 Praesume,
844 963 875 1026 ci
907 964 1031 1042 eudes,
1066 966 1110 1029 do
1139 965 1232 1048 sacto

88 1067 91 1073 ’
175 1067 213 1128 tu
244 1063 382 1126 eidmic.
429 1059 522 1146 Epo,
556 1065 637 1146 pario
665 1061 848 1148 defendere
874 1081 944 1128 non
971 1065 1085 1146 culeo,
1116 1083 1232 1150 neque

174 1167 293 1228 tenere
314 1163 436 1227 audeo.
480 1164 632 1227 barbarus
655 1184 730 1227 vero
760 1165 796 1226 ad
825 1167 1029 1226 reverentiam
1056 1162 1230 1248 religionis,

174 1268 284 1327 timore
306 1264 418 1324 Deict
440 1263 499 1325 lide
521 1267 651 1346 virginis
675 1273 788 1342 motus,
816 1265 853 1326 ad
876 1265 1030 1329 Alaricum
1060 1283 1115 1344 per
1141 1285 1229 1329 nun-

173 1368 248 1426 tium
272 1364 349 1426 baec
371 1365 490 1425 retulit:
522 1365 576 1444 qui
605 1366 752 1427 continuo
773 1367 922 1444 reportari
945 1366 983 1426 ad
1004 1364 1145 1444 Apostoli
1167 1368 1228 1430 ba-

173 1465 290 1550 silicam
306 1464 461 1540 universa,
484 1471 518 1525 ut
533 1470 631 1540 erant,
653 1465 725 1526 vasa
748 1467 923 1545 imperavit:
939 1459 1099 1546 'virginem
1124 1469 1228 1544 etiam,

173 1564 326 1645 simulque
356 1581 479 1642 omnes,
513 1567 566 1645 qui
588 1583 623 1628 se
645 1567 866 1647 adjungerent,
891 1565 1093 1643 Christianos,
1116 1568 1228 1629 ecdem

172 1685 241 1730 cum
258 1663 440 1726 defensione
455 1667 574 1728 deduci.
611 1665 785 1728 Eudemus
807 1685 824 1726 a
847 1667 959 1728 sanctis
981 1665 1106 1728 sedibus
1121 1665 1227 1750 longe,

171 1775 206 1830 ut
229 1766 342 1841 lerunt,
366 1772 397 1826 et
419 1767 519 1826 medio
543 1768 706 1848 interjectu
722 1766 811 1827 Urbis
834 1767 947 1828 aberat.
985 1765 1093 1845 ltaque
1115 1786 1228 1849 magno

172 1865 347 1947 spectaculo
370 1865 503 1925 omnium
527 1865 672 1945 disposita
695 1885 750 1946 per
772 1867 909 1947 singulos
931 1866 1063 1946 singula,
1088 1874 1118 1927 ct
1133 1884 1228 1948 super

172 1969 269 2045 capita
303 1965 381 2025 elata
410 1964 510 2042 palam
539 1983 632 2027 aurea
662 1974 753 2046 atquc
782 1973 928 2046 argentea
955 1985 1027 2029 vasa
1056 1975 1227 2047 portantur,

172 2065 302 2126 exsertis
331 2064 467 2143 undique
490 2065 527 2124 ad
549 2063 760 2125 defensionem
784 2067 893 2144 gladiis
916 2067 965 2144 pia
988 2085 1094 2146 pompa
1118 2070 1227 2128 muni-

172 2173 230 2226 tur.
285 2163 536 2251 HymnusRDeo
568 2162 712 2226 Romanis
745 2164 945 2245 barbarisque
978 2167 1227 2244 concinentibus

170 2265 308 2352 publice
327 2266 456 2324 canitur.
504 2263 650 2326 Personat
682 2265 743 2326 late
777 2266 808 2325 in
842 2267 963 2326 excidio
996 2266 1085 2327 Urbis
1118 2267 1228 2328 salutis

171 2366 255 2442 tuba,
279 2383 459 2444 omnesque,
483 2367 572 2435 etiam
597 2365 627 2425 in
651 2363 761 2426 abditis
776 2365 917 2442 latentes,
940 2367 1099 2427 invitatae
1115 2367 1227 2447 pulsat.

172 2468 364 2528 Concurrunt
391 2464 528 2543 undique
557 2465 594 2526 ad
626 2481 698 2526 vasa
726 2466 807 2526 Petri
838 2483 911 2528 vasa
940 2465 1065 2539 Christi3
1100 2466 1228 2546 plurimi

170 2568 261 2628 etiam
285 2566 394 2646 pagani
419 2564 597 2627 Christianis
618 2564 827 2644 professione,
858 2567 916 2626 etsi
944 2584 1005 2626 non
1033 2565 1093 2626 lide
1120 2566 1227 2628 admi-

169 2674 309 2740 scentur;
334 2672 365 2727 et
387 2684 442 2744 per
463 2665 521 2726 hoe
543 2665 645 2726 tamen
668 2667 704 2727 ad
729 2673 858 2747 tempus,
882 2685 943 2746 quo
967 2667 1062 2746 inagis
1085 2665 1225 2727 conlun-

170 2767 290 2842 dautur,
306 2765 450 2827 evadunt:
473 2765 593 2838 Quanto
609 2766 763 2845 copiosius
779 2766 1124 2846 adgreganturllomuni
1141 2783 1224 2827 con—

169 2866 335 2947 fugientes,
359 2872 442 2928 tanto
462 2864 581 2927 avidius
596 2865 884 2926 circumfunduntur
899 2866 1018 2927 barbari
1034 2864 1225 2928 defensores.

169 2965 303 3026 Osacra
326 2973 357 3026 ct
384 2962 547 3024 ineffabilis
573 2964 671 3024 divini
694 2964 804 3042 judicii
831 2964 988 3024 discretio!
1034 2964 1226 3026 Osanctum

168 3065 249 3126 istud
272 3071 304 3125 et
324 3064 458 3127 salutare
479 3061 608 3141 llumen,
638 3065 721 3144 quod
742 3082 833 3145 parva
857 3072 996 3126 exortum
1020 3049 1226 3142 dumo,‘dum

166 3165 258 3226 beato
280 3166 368 3228 alveo
391 3165 423 3224 in
445 3170 617 3225 sanctorum
641 3149 862 3240 sedestendit,
886 3163 1064 3228 oberrantes
1089 3164 1224 3245 pericli·

167 3273 329 3347 tantasque
352 3265 467 3326 animas
487 3264 519 3324 in
542 3263 648 3325 salutis
671 3265 770 3358 sinum
799 3266 847 3344 pia
874 3267 1040 3343 rapacitate
1066 3266 1224 3344 pervexit!

167 3366 193 3427 0
215 3367 370 3447 praeclara
393 3364 444 3425 illa
466 3364 654 3426 Christianae
679 3365 803 3426 militiae
827 3364 908 3440 tuba,
933 3383 1011 3445 quae
1033 3364 1225 3446 generaliter

167 3474 295 3528 cunctos
323 3465 499 3527 dulcissimo
526 3464 563 3526 ad
597 3465 687 3526 vitam
722 3465 927 3527 modulamine
960 3466 1108 3544 invitans,
1144 3482 1224 3544 quos

166 3567 203 3629 ad
226 3568 354 3629 salutem
378 3564 591 3627 inobedientes
613 3564 675 3626 uoh
697 3567 865 3642 suscitavit,
889 3565 1117 3628 inexcusabiles
1139 3565 1222 3627 reli-

167 3663 257 3742 [hih]
287 3668 354 3746 quit
379 3666 417 3726 ad
446 3673 582 3727 mortem.
626 3665 803 3745 Mysterium
831 3666 907 3743 hoc,
941 3667 1022 3745 quod
1053 3668 1084 3726 in
1113 3672 1222 3727 trans-

165 3766 302 3829 ferendis
316 3767 408 3840 vasis,
431 3765 568 3829 dicendis
583 3765 714 3844 hymnis,
731 3766 879 3827 ducendis
903 3766 1021 3845 populis
1043 3764 1122 3842 fuit,
1136 3772 1221 3826 tam·

166 3883 255 3954 quam
280 3883 421 3945 magnum
444 3865 576 3926 cribrum
600 3862 696 3926 fuisse
719 3865 863 3941 arbitror,
892 3882 947 3944 per
969 3865 1052 3944 quod
1074 3883 1114 3926 ex
1137 3883 1221 3927 con·-
1248 3887 1250 3890 ·

50 3972 52 3975 ·
165 3964 346 4041 gregatione
367 3962 469 4042 populi
493 3962 631 4039 Romani,
653 3970 807 4044 tamquam
831 3983 870 4027 ex
893 3982 1002 4044 magna
1026 3981 1124 4028 massa
1147 3965 1224 4028 fru-
