2634 4434
708 330 778 400 102

639 430 847 440 -n—-m-a

526 579 724 719 caput
778 576 944 686 XIIII.

221 802 361 872 Veneno
375 797 580 866 Alexandro
600 818 682 884 repe
702 798 932 866 Macedoniae
951 800 1128 882 perempto
1151 799 1264 867 Dncer

216 906 293 989 ejtcs
316 904 424 969 totam
445 902 538 967 inter
558 920 598 965 ac
619 900 735 968 orbern
757 901 959 980 diviserant,
981 917 1127 982 seseque
1140 905 1263 968 matois

543 1001 638 1069 hellis
665 1005 941 1069 consumserunt.

300 1174 342 1237 At
368 1190 428 1256 ego
455 1191 539 1236 nunc
565 1191 711 1250 revocor,
739 1181 773 1235 ut
801 1191 856 1254 per
881 1165 958 1234 haec
986 1171 1093 1233 eadem
1121 1177 1263 1253 tempora,

216 1275 329 1358 quibus
357 1275 486 1337 Romani
515 1275 572 1336 ista
603 1275 742 1354 perpessi
774 1279 860 1348 sunt,
895 1289 974 1351 quae
1008 1272 1089 1333 inter
1120 1289 1155 1334 se
1190 1273 1264 1334 hello

214 1376 369 1458 gesserint
383 1375 582 1437 Macedonum
600 1375 709 1450 duces,
724 1372 879 1435 revolvam
888 1391 898 1448 3
922 1373 975 1452 qui
991 1379 1111 1433 mortuo
1126 1372 1263 1435 Alexan-

215 1477 271 1537 dro
294 1476 430 1536 diversas
452 1475 552 1537 sortiti
580 1475 771 1556 provincIas,
797 1474 912 1535 mutuis
939 1489 972 1534 se
1000 1472 1090 1534 hellis
1117 1491 1263 1534 consum-

214 1582 339 1652 serunt,
373 1592 502 1654 quorum
537 1592 596 1656 ego
629 1573 936 1636 tumultuosissimum
969 1580 1088 1652 tempus
1121 1574 1162 1635 ita
1197 1573 1264 1634 mihi

215 1683 355 1756 spectare
377 1676 500 1753 videor,
529 1676 617 1756 quasi
645 1674 747 1754 aliqua
774 1676 921 1737 immensa
949 1681 1047 1736 castra
1069 1681 1264 1753 pernoctem

215 1772 302 1858 [201]
326 1777 364 1838 de
384 1776 509 1856 specula
532 1777 643 1838 montis
666 1775 860 1855 adspectans,
885 1774 960 1836 nihil
982 1774 1014 1835 in
1037 1791 1147 1856 magno
1171 1773 1264 1854 campi
1307 1783 1308 1790 ’

214 1877 313 1955 spatio
348 1883 471 1955 praeter
506 1878 685 1938 innumeros
721 1873 807 1936 locos
840 1889 977 1937 cernam:
1010 1875 1052 1936 ita
1084 1893 1139 1954 per
1171 1882 1264 1936 totum

215 1975 414 2038 Macedoniae
448 1993 595 2058 regnum,
631 1975 691 2036 hoc
724 1981 770 2035 est
803 1993 857 2054 per
889 1976 1065 2037 universam
1099 1976 1205 2038 Asiam
1238 1981 1265 2034 et

214 2074 374 2157 plurImam
396 2075 537 2156 Europae
559 2083 693 2154 partem,
715 2072 894 2154 Libyaeque
915 2075 967 2136 vel
989 2077 1168 2156 maximam,
1191 2075 1264 2137 hor-

213 2177 303 2240 rendi
318 2176 421 2238 subito
436 2176 585 2238 bellorum
601 2171 686 2257 globi
706 2173 918 2235 colluxerunt:
944 2177 996 2254 qui
1019 2194 1088 2238 cum
1112 2195 1148 2239 ea
1172 2195 1264 2257 prae-

215 2278 306 2357 prue
327 2277 405 2353 loca,
428 2277 460 2336 in
483 2275 595 2354 quibus
613 2291 769 2355 exarsere,
784 2272 919 2353 populati
934 2282 1015 2351 sunt,
1030 2275 1149 2354 reliqua
1166 2277 1265 2339 omma

214 2383 334 2438 terrore
355 2375 486 2436 rumoris
509 2374 596 2454 quasi
616 2373 692 2436 lumi
713 2375 844 2456 callgine
867 2374 1075 2436 turbaverunt.
1120 2375 1183 2437 Sed
1209 2395 1263 2438 ne·
1305 2399 1306 2418 ¹

215 2493 368 2558 quaquam
400 2482 552 2537 tantorum
579 2492 689 2558 regum
718 2493 754 2538 ac
781 2491 948 2557 regnorum
974 2473 1055 2536 bella
1083 2475 1264 2556 excidiaque

215 2577 392 2656 eprIcabo,
425 2576 486 2636 alsi
517 2577 602 2654 prius
629 2578 696 2656 ipsa
723 2595 793 2639 cum
820 2574 946 2657 regibus
972 2592 1068 2656 regna
1095 2575 1263 2654 prodidero.
1304 2615 1305 2618 =

214 2673 313 2757 Igitur
337 2674 516 2735 Alexander
541 2693 598 2754 per
624 2674 786 2736 duodecim
814 2693 910 2737 annos
938 2681 1119 2736 trementem
1147 2677 1206 2738 suh
1234 2693 1263 2738 sc

214 2774 321 2837 orbem
354 2772 437 2836 lerro
469 2775 588 2854 pressit.
638 2774 795 2854 Prinpres
827 2793 902 2838 vero
935 2776 1002 2858 ejus
1036 2777 1262 2855 quatuordecim

214 2877 303 2938 annis
329 2874 571 2951 dilaniaverunt,
601 2883 633 2937 et
660 2874 756 2936 veluti
784 2877 913 2956 opimam
940 2877 1082 2956 praedam
1111 2895 1128 2938 a
1156 2892 1262 2957 magno

213 2975 306 3038 leone
327 2981 506 3054 prostratam
528 2975 613 3037 avidi
636 2975 828 3056 dIscerpsere
850 2976 960 3058 catuli,
986 2995 1083 3057 seque
1106 2977 1188 3056 ipsos
1210 2977 1260 3037 in-

212 3074 313 3138 uicem
342 3075 375 3135 in
402 3074 500 3136 rixam
528 3075 662 3138 irritatos
695 3076 826 3157 praedae
859 3077 1066 3140 aemulatione
1096 3076 1260 3158 fregerunt
1302 3055 1303 3139 l

212 3175 321 3256 ltaque
348 3176 444 3256 prima
471 3175 645 3238 Ptolemaeo
673 3174 833 3258 Aegyptus
860 3185 891 3239 et
918 3176 1042 3240 Africae
1069 3176 1259 3256 Arabiaeque

212 3293 282 3356 pars
314 3284 398 3339 sorte
430 3276 580 3356 provenit.
640 3275 798 3339 Confinem
832 3278 903 3339 huic
936 3278 1113 3357 provinciae
1146 3277 1258 3359 Syriam
1301 3269 1302 3327 l

212 3374 387 3437 Laomedon
423 3377 633 3458 llitylinaeus,
672 3376 807 3439 Ciliciam
840 3377 986 3456 Philotas,
1023 3378 1108 3440 Philo
1145 3377 1257 3458 Illyrios

212 3474 375 3552 accipiunt.
418 3473 537 3536 merrae
559 3477 666 3556 majori
687 3477 868 3558 Atropatus,
892 3479 1002 3540 miuori
1024 3495 1113 3540 socer
1135 3477 1256 3540 Pemlic-
1300 3481 1301 3506 ³

213 3589 269 3634 eae
290 3575 497 3653 praeponitur.
535 3576 664 3639 Susiana
686 3595 763 3659 gens
787 3578 899 3660 Scyno,
922 3579 1051 3661 PhrygIa
1074 3580 1170 3659 major
1191 3576 1256 3639 An-

211 3674 318 3754 tigono
350 3674 479 3755 Phihppi
511 3676 574 3737 filio
606 3678 792 3759 adsignatur.
841 3679 963 3758 Lyciam
997 3687 1028 3741 et
1059 3676 1255 3758 Pamphyliam

211 3767 300 3854 [202]
321 3773 488 3852 Nearchus,
512 3775 629 3837 CarIam
651 3776 831 3853 Cassander,
853 3776 978 3859 Lydiam
1000 3777 1170 3840 Menander
1189 3794 1254 3839 sor-

212 3873 344 3949 tiuntur,
372 3873 547 3936 Leonnatus
575 3876 723 3936 micorem
746 3875 906 3957 Phrygiam
928 3880 1046 3960 achpit.
1083 3879 1208 3941 Thracia
1228 3881 1255 3936 et
1298 3873 1299 3890 ¹

208 3969 356 4049 regiones
373 3972 489 4035 Pontici
510 3976 600 4035 marIs
615 3973 805 4055 Lysimacho,
829 3977 1017 4060 Cappadocia
1038 3997 1108 4043 cum
1130 3977 1253 4060 Paphla·
1297 4011 1298 4079 l
