2634 4434
599 315 823 425 ..Α

200 571 306 636 regem
333 559 365 615 et
385 551 553 614 Laevinum
576 550 734 614 consulem
755 567 857 632 pugna
879 551 1040 612 commissa
1063 557 1119 612 est.
1166 550 1245 612 Con-

199 650 290 729 [eto]
308 659 427 716 sumtus
449 660 496 715 est
515 651 697 734 gravissimo
712 650 880 712 certamine
895 650 962 714 dies
977 649 1132 730 utrimque
1147 652 1246 713 omni-

198 753 257 815 bus
279 754 357 815 mori
379 753 517 829 intentis,
539 751 649 833 sugere
673 751 795 812 nesciis.
832 749 1025 812 introductos
1048 756 1149 812 autem
1174 751 1248 812 inter

199 854 415 915 concurrentia
430 854 551 934 agmina
567 851 757 932 elephantoS,
773 848 869 912 forma
886 858 999 930 truces,
1022 851 1118 913 odore
1132 867 1249 931 greum,

198 952 280 1015 mole
309 953 462 1015 terribiles
489 960 524 1015 ut
552 953 661 1014 videre
688 950 831 1029 Romani,
855 968 936 1013 novo
959 950 1116 1033 pugnandi
1137 969 1250 1032 genere

200 1052 402 1115 circumventi
424 1059 457 1115 et
478 1053 578 1115 territi
605 1051 695 1132 equis
723 1053 855 1114 maxime
880 1052 1087 1132 pavitantibus
1114 1051 1250 1132 diffuge-

199 1159 281 1216 runt
326 1151 387 1215 Sed
418 1159 579 1233 postquam
611 1151 780 1231 Minucius,
815 1159 942 1232 quartae
974 1152 1106 1234 legionis
1139 1153 1250 1232 primus

200 1252 354 1331 hastatus,
380 1259 551 1333 protentam
578 1254 611 1316 in
639 1270 674 1315 se
702 1271 824 1315 manum
846 1251 969 1315 belluae
991 1253 1093 1334 gladio
1116 1252 1251 1314 desecuit

201 1358 234 1412 et
260 1352 472 1417 conturbatum
499 1352 605 1416 dolore
627 1352 766 1414 vulneris
788 1352 886 1414 averti
908 1352 990 1416 bello
1012 1360 1105 1432 atque
1128 1353 1160 1414 in
1184 1367 1251 1414 suos

199 1453 321 1514 saevire
348 1453 511 1534 compulit,
538 1453 669 1533 eiusque
697 1453 887 1515 inmoderato
913 1453 1055 1516 discursu
1083 1451 1251 1532 perturbari

200 1568 238 1612 ac
259 1553 438 1631 permisceri
459 1568 608 1632 coepere,
630 1553 700 1617 linis
723 1571 845 1636 pugnae
867 1555 959 1616 etiam
981 1552 1133 1616 beneficio
1155 1554 1252 1616 noctis

200 1651 360 1731 impositus
382 1659 437 1716 est.
480 1653 585 1716 Victos
606 1654 703 1718 fuisse
724 1655 877 1731 Romanos
899 1655 995 1734 turpis
1016 1652 1091 1736 luga
1112 1653 1251 1734 prodidit,

201 1768 333 1830 quorum
363 1760 437 1816 tunc
463 1756 614 1818 cecidisse
641 1755 820 1818 referuntur
851 1755 987 1833 peditum
1023 1755 1251 1836 quatuordecim

201 1851 297 1914 millia
312 1854 483 1936 octingenti
497 1863 530 1917 et
544 1857 715 1936 octoginta:
737 1855 817 1934 capti
839 1853 923 1916 mille
938 1857 1069 1918 trecenti
1084 1862 1117 1917 et
1131 1857 1251 1929 decem;

203 1951 325 2031 equites
346 1961 449 2018 autem
471 1957 555 2018 caesi
576 1955 702 2018 ducenti
725 1954 926 2035 quadraginta
949 1955 1025 2033 duo,
1048 1957 1128 2037 capti
1150 1958 1251 2018 octin-

202 2051 289 2131 genti
316 2060 348 2116 et
374 2055 450 2133 duo,
480 2056 568 2135 signa
594 2055 704 2116 amissa
730 2054 841 2135 viginti
870 2053 940 2117 duo.
983 2053 1059 2118 Nam
1082 2063 1215 2138 quantus
1236 2073 1252 2116 e

155 2236 158 2245 1
203 2149 326 2216 diverso
349 2172 496 2218 numerus
514 2153 667 2216 sociorum
683 2152 789 2233 Pyrrhi
812 2153 906 2216 luerit
927 2156 1108 2234 exstinctus,
1133 2173 1252 2218 memo-

202 2252 269 2314 riae
295 2257 438 2318 traditum
465 2259 616 2315 nonest:
646 2254 778 2315 maxime
807 2255 880 2333 quia
906 2256 1087 2335 scriptorum
1115 2265 1252 2320 veterum

201 2369 268 2415 mos
289 2361 336 2416 cst
358 2372 398 2413 ex
417 2370 455 2416 ea
476 2359 573 2432 parte,
596 2369 677 2433 quae
698 2354 819 2432 vicerit,
842 2355 1013 2426 occisorum
1035 2371 1098 2416 non
1114 2373 1251 2418 comme-

201 2469 322 2514 morare
348 2469 528 2532 numerum,
561 2471 601 2516 ne
630 2455 780 2517 victoriae
806 2455 934 2537 gloriam
964 2453 1119 2516 maculent
1146 2455 1252 2516 damna

201 2550 341 2614 victoris:
366 2553 427 2615 uisi
448 2552 528 2616 forte
546 2573 617 2616 cum
632 2555 710 2616 adeo
726 2555 814 2635 pauci
829 2554 952 2632 cadunt,
976 2561 1010 2616 ut
1024 2554 1252 2618 admirationem

201 2657 414 2732 terroremque
436 2655 559 2715 virtutis
580 2661 694 2736 augeat
720 2656 857 2733 paucitas
884 2654 1088 2735 perditorum,
1116 2657 1197 2717 sicut
1224 2656 1252 2716 in

203 2743 289 2832 [2171
319 2753 416 2831 prima
443 2753 558 2816 Persici
586 2754 660 2816 belli
689 2755 909 2836 congressione
938 2753 1018 2834 apud
1046 2753 1251 2818 Alexandrum

200 2845 345 2931 Magnum
374 2852 447 2917 luit:
477 2855 546 2932 cui,
568 2856 649 2916 inter
672 2856 895 2937 quadringenta
917 2853 984 2917 lere
1007 2853 1101 2916 millia
1123 2854 1252 2916 hostium

203 2949 381 3030 interiecta,
415 2972 527 3018 novem
561 2955 770 3018 tantummodo
803 2956 835 3016 in
868 2955 1008 3020 exercitu
1041 2955 1108 3035 ejus
1137 2955 1252 3035 pedites
1306 2963 1308 3008 l

204 3047 341 3114 defuisse
362 3053 550 3117 referuntur.
588 3054 650 3118 Sed
669 3055 801 3137 Pyrrhus
823 3055 1012 3118 atrocitatem
1035 3053 1141 3132 clodis,
1165 3071 1251 3134 quan

202 3145 366 3215 bochello
388 3163 568 3237 exceperat,
597 3155 655 3218 diis
684 3157 749 3218 suis
777 3154 1014 3235 hominibusque
1043 3161 1171 3217 testatus
1199 3162 1252 3232 est,

202 3248 340 3333 adigens
362 3256 482 3320 titulum
510 3258 543 3319 in
570 3256 685 3336 templo
712 3255 868 3318 Tarentini
896 3253 998 3331 lovis,
1031 3256 1063 3316 in
1091 3272 1153 3335 quo
1180 3255 1252 3318 haec

202 3352 341 3431 scripsit:

204 3495 273 3578 Qua
293 3507 375 3569 ante
395 3507 461 3574 hoc
481 3509 596 3576 invicti
610 3507 735 3595 liuvere
755 3509 830 3589 ciri,
851 3511 952 3591 poter
974 3508 1098 3590 optime
1114 3503 1252 3593 Olympi,

202 3598 281 3667 Hoc
302 3622 364 3688 epo
386 3608 559 3694 impugna
579 3610 661 3688 cici,
682 3609 862 3692 victusque
883 3628 961 3674 eum
982 3608 1025 3674 ab
1047 3609 1180 3674 iisdem.

201 3752 241 3816 Et
261 3776 332 3820 cum
353 3779 371 3822 a
394 3764 486 3825 sociis
514 3763 740 3841 increparetur,
768 3778 823 3822 cur
850 3777 885 3823 se
907 3761 1022 3824 victum
1045 3760 1181 3838 diceret,
1204 3760 1253 3840 qui

201 3855 342 3937 vicisset,
365 3861 561 3939 respondisse
582 3859 695 3921 fertur:
730 3856 811 3924 Noe
832 3877 909 3945 ego,
935 3862 968 3926 εἰ
989 3861 1115 3926 ilerum
1137 3860 1254 3924 codem

201 3956 303 4022 modo
324 3959 450 4040 cicero,
470 3959 547 4026 atae
566 3958 635 4026 ullo
650 3959 753 4026 mtttte
768 3958 916 4045 Epirum
931 3964 1100 4028 revertam.
1136 3960 1253 4026 interea
