2634 4434
543 335 617 406 269

478 437 685 449 ——2-—q1

52 572 84 632 in
113 570 292 650 Vespasiani
321 588 433 634 nomen
461 572 601 634 exercitu
633 543 696 634 suo⁸
725 573 904 652 destitutus,
937 576 1104 662 adpropin-

51 671 220 752 quantibus
236 673 299 753 jam
322 671 461 735 hostibus
483 674 631 754 trepiduS,
654 691 723 735 cum
747 692 781 736 se
805 677 835 735 in
856 677 1007 756 quandam
1030 700 1106 762 pro-

50 775 166 835 ximam
190 772 299 852 palatio
322 774 463 837 cellulam
486 776 705 852 contrusisset,
735 775 909 856 turpissime
936 778 1008 842 inde
1031 800 1107 862 pro-

51 881 186 950 tractus,
214 892 284 935 oum
314 891 369 954 per
395 877 475 938 viam
502 893 619 938 sacram
647 877 749 938 nudus
782 878 964 957 duceretur,
998 885 1109 961 passim

51 975 176 1036 cunctis
201 973 305 1037 fimum
334 976 366 1037 in
397 991 432 1037 os
454 978 521 1056 ejus
543 977 744 1057 jactantibus,
772 979 803 1038 in
827 977 925 1039 lorum
949 980 1110 1064 deductus,
1135 971 1141 980 ”
1178 1001 1185 1005 ·

51 1083 175 1154 octavo,
198 1094 288 1156 quam
304 1093 434 1155 regnum
451 1083 686 1153 praesumserat,
706 1093 810 1137 mense
833 1078 912 1156 apud
929 1079 994 1141 Ge·
1020 1082 1109 1161 [477]

50 1177 174 1238 monias
201 1177 299 1238 scalas
321 1175 592 1235 minutissimorum
616 1176 731 1237 ictuum
756 1175 871 1238 crebris
895 1187 1111 1260 compunctio-

50 1276 148 1338 nibus
176 1274 427 1351 excarnificatus,
459 1281 552 1354 atque
578 1277 651 1338 iude
678 1295 759 1338 unco
787 1284 900 1339 tractus
933 1288 964 1343 et
991 1284 1024 1344 in
1052 1285 1109 1348 Ti-

50 1377 155 1440 berim
172 1391 301 1451 mersas,
318 1375 407 1436 etiam
424 1378 577 1438 communi
593 1378 692 1439 caruit
706 1377 871 1458 sepultura.
905 1379 1008 1445 Multis
1024 1381 1110 1470 [478]

49 1485 160 1540 autem
183 1481 216 1536 et
237 1474 363 1538 nefariis
385 1476 483 1538 modis
508 1495 565 1555 per
592 1478 764 1557 complures
793 1480 858 1542 dies
886 1500 903 1543 a
932 1483 1111 1566 Vespasiani

51 1575 206 1638 militibus
232 1576 395 1639 adversum
423 1584 562 1638 senatum
594 1578 802 1658 populumque
828 1579 996 1646 Romanum
1024 1588 1111 1650 indi··

51 1684 156 1740 screta
180 1677 277 1739 caede
298 1680 450 1743 saevitum
474 1685 527 1740 est.
952 1669 956 1677 '

224 2005 227 2010 -
342 1993 348 2008 =
421 1933 619 2073 taput
667 1933 746 2042 lll.

64 2139 275 2224 Vespasiani
301 2137 451 2222 Aupasti
478 2141 512 2202 et
539 2138 612 2204 Titi
639 2138 827 2220 Imperium
856 2145 1024 2224 puonrodo
1052 2165 1115 2209 re-

119 2241 282 2307 bellantes
302 2236 463 2305 dudaeos
485 2242 743 2322 compresserit,
766 2241 812 2305 ad
833 2239 919 2306 boec
940 2242 1060 2308 arbem

117 2341 391 2426 Hierosolymam
414 2359 492 2405 cum
513 2343 635 2422 templo
657 2342 731 2406 solo
753 2344 961 2424 aequaverit.
1005 2343 1061 2408 De

388 2441 514 2506 ceteris
535 2459 656 2505 eoram
675 2443 793 2524 pestis.

148 2595 241 2657 Anno
263 2591 300 2652 ab
323 2590 405 2652 Urbe
431 2592 552 2654 condita
578 2591 782 2672 DCCCXXV.⁷
810 2593 898 2656 brevi
921 2593 973 2656 illa
996 2597 1119 2676 quidem

60 2697 118 2762 sed
142 2692 262 2756 turbida
285 2699 483 2772 tyrannorum
506 2701 685 2774 tempestate
709 2696 856 2773 discussa,
879 2697 1043 2775 tranquilla
1063 2697 1120 2760 sub

61 2795 253 2878 Vespasiano
282 2793 361 2855 duce
388 2795 538 2856 serenitas
559 2796 658 2858 rediit.
702 2789 847 2875 Namque
863 2802 897 2857 ut
918 2795 1009 2876 paulo
1031 2796 1122 2860 altius

62 2905 217 2978 repetam,
245 2893 354 2956 Judaei
381 2901 450 2974 post
477 2897 649 2976 passionem
678 2896 788 2958 Christi
811 2896 948 2959 destituti
970 2897 1003 2958 in
1025 2903 1122 2960 totum

65 2998 164 3080 gratia
186 2997 260 3072 Dei,
288 3013 358 3056 oum
381 2996 522 3058 omnibus
544 2997 682 3076 undique
705 2996 791 3058 malis
814 2997 1123 3078 circumvenirentur,

68 3097 250 3180 quibusdam
273 3097 305 3156 in
321 3095 467 3178 ,carmelo
491 3103 594 3167 monte
616 3097 736 3157 seducti
758 3096 907 3171 sortibus,
938 3115 1017 3174 quae
1044 3115 1122 3177 por-

68 3199 234 3262 tenderent
266 3203 390 3258 exortos
422 3213 439 3256 a
468 3193 585 3282 Judaea
613 3195 708 3258 ducos
734 3213 837 3256 rerum
866 3195 1016 3273 potituros
1045 3196 1123 3278 iore,

69 3298 322 3381 praedictumque
343 3296 380 3358 ad
403 3313 437 3358 se
460 3294 632 3373 trabentes,
655 3297 688 3356 in
709 3294 911 3358 rebellionem
934 3309 1124 3365 exarserunt.

71 3384 300 3476 Exstinctisque
326 3396 470 3457 Romanis
496 3396 673 3476 praesidiis,
702 3396 836 3478 legatum
864 3413 988 3477 quoque
1017 3398 1125 3482 Syriae

72 3498 226 3580 suppetias
242 3495 403 3576 ferentem,
419 3505 503 3577 rapta
519 3496 621 3576 aquila
637 3505 669 3558 et
683 3498 781 3559 caesis
798 3499 903 3580 copiis,
919 3497 1013 3582 faga·
1039 3497 1124 3582 [479]

72 3605 193 3662 verunt.
232 3598 279 3658 nd
294 3598 350 3660 hos
364 3597 570 3678 Vespasianus
588 3615 605 3658 a
620 3596 743 3660 Nerone
766 3601 886 3676 missus,
908 3600 1007 3660 'litum
1030 3598 1126 3662 lilium

73 3719 162 3763 suum
185 3699 329 3781 majorem
353 3699 434 3759 inter
455 3697 573 3779 legatos
594 3697 709 3764 habuit.
745 3699 820 3762 Nam
840 3697 949 3760 multas
965 3705 996 3760 et
1010 3685 1126 3760 validas

73 3802 214 3882 legiones
242 3814 346 3860 secum
374 3797 554 3879 insyriam
583 3802 711 3881 trajecit.
754 3799 861 3876 ltaque
890 3814 958 3857 oum
980 3795 1126 3877 ludaeos,
1164 3872 1168 3880 1

75 3901 178 3963 maltis
207 3918 313 3962 eorum
346 3900 464 3979 oppidis
497 3899 608 3983 captis,
643 3900 675 3958 in
708 3897 815 3959 urbem
845 3893 1125 3977 Hierosolymorum

75 4003 240 4082 praecipue
256 3999 295 4061 ob
316 3999 396 4060 diem
418 3998 529 4058 festum
548 4002 751 4077 congregatos
774 3993 934 4057 obsidione
957 3985 1127 4076 clausisset,

943 4111 975 4162 ts
